%YAML 1.1
%TAG !u! tag:unity3d.com,2011:
--- !u!1 &342675195230297208
GameObject:
  m_ObjectHideFlags: 0
  m_CorrespondingSourceObject: {fileID: 0}
  m_PrefabInstance: {fileID: 0}
  m_PrefabAsset: {fileID: 0}
  serializedVersion: 6
  m_Component:
  - component: {fileID: 2102232964007807108}
  m_Layer: 0
  m_Name: Neck
  m_TagString: Untagged
  m_Icon: {fileID: 0}
  m_NavMeshLayer: 0
  m_StaticEditorFlags: 0
  m_IsActive: 1
--- !u!4 &2102232964007807108
Transform:
  m_ObjectHideFlags: 0
  m_CorrespondingSourceObject: {fileID: 0}
  m_PrefabInstance: {fileID: 0}
  m_PrefabAsset: {fileID: 0}
  m_GameObject: {fileID: 342675195230297208}
  m_LocalRotation: {x: 0.060688436, y: 0, z: -0, w: 0.9981568}
  m_LocalPosition: {x: -0, y: 0.25104657, z: -0.015329581}
  m_LocalScale: {x: 1, y: 1, z: 1}
  m_Children:
  - {fileID: 6848001309606814017}
  - {fileID: 164671553456380083}
  m_Father: {fileID: 6471351877916804784}
  m_RootOrder: 1
  m_LocalEulerAnglesHint: {x: 0, y: 0, z: 0}
--- !u!1 &484721880105552910
GameObject:
  m_ObjectHideFlags: 0
  m_CorrespondingSourceObject: {fileID: 0}
  m_PrefabInstance: {fileID: 0}
  m_PrefabAsset: {fileID: 0}
  serializedVersion: 6
  m_Component:
  - component: {fileID: 405671947637072867}
  m_Layer: 0
  m_Name: Right_UpperArm
  m_TagString: Untagged
  m_Icon: {fileID: 0}
  m_NavMeshLayer: 0
  m_StaticEditorFlags: 0
  m_IsActive: 1
--- !u!4 &405671947637072867
Transform:
  m_ObjectHideFlags: 0
  m_CorrespondingSourceObject: {fileID: 0}
  m_PrefabInstance: {fileID: 0}
  m_PrefabAsset: {fileID: 0}
  m_GameObject: {fileID: 484721880105552910}
  m_LocalRotation: {x: 0.17870994, y: 0.027966427, z: 0.90344393, w: 0.38867682}
  m_LocalPosition: {x: 0.16743432, y: -0.0000022099182, z: 0.00000012213746}
  m_LocalScale: {x: 1, y: 1, z: 1}
  m_Children:
  - {fileID: 9193888759881480503}
  m_Father: {fileID: 8182615292856074364}
  m_RootOrder: 0
  m_LocalEulerAnglesHint: {x: 0, y: 0, z: 0}
--- !u!1 &581106636866675014
GameObject:
  m_ObjectHideFlags: 0
  m_CorrespondingSourceObject: {fileID: 0}
  m_PrefabInstance: {fileID: 0}
  m_PrefabAsset: {fileID: 0}
  serializedVersion: 6
  m_Component:
  - component: {fileID: 1200334473089938404}
  m_Layer: 0
  m_Name: Left_IndexDistalEnd
  m_TagString: Untagged
  m_Icon: {fileID: 0}
  m_NavMeshLayer: 0
  m_StaticEditorFlags: 0
  m_IsActive: 1
--- !u!4 &1200334473089938404
Transform:
  m_ObjectHideFlags: 0
  m_CorrespondingSourceObject: {fileID: 0}
  m_PrefabInstance: {fileID: 0}
  m_PrefabAsset: {fileID: 0}
  m_GameObject: {fileID: 581106636866675014}
  m_LocalRotation: {x: 0, y: -0, z: -0, w: 1}
  m_LocalPosition: {x: -1.1581012e-16, y: 0.024609203, z: -6.661337e-17}
  m_LocalScale: {x: 1, y: 1, z: 1}
  m_Children: []
  m_Father: {fileID: 7365691573302350280}
  m_RootOrder: 0
  m_LocalEulerAnglesHint: {x: 0, y: 0, z: 0}
--- !u!1 &760583160014638712
GameObject:
  m_ObjectHideFlags: 0
  m_CorrespondingSourceObject: {fileID: 0}
  m_PrefabInstance: {fileID: 0}
  m_PrefabAsset: {fileID: 0}
  serializedVersion: 6
  m_Component:
  - component: {fileID: 5410569842934868166}
  m_Layer: 0
  m_Name: Right_PinkyDistalEnd
  m_TagString: Untagged
  m_Icon: {fileID: 0}
  m_NavMeshLayer: 0
  m_StaticEditorFlags: 0
  m_IsActive: 1
--- !u!4 &5410569842934868166
Transform:
  m_ObjectHideFlags: 0
  m_CorrespondingSourceObject: {fileID: 0}
  m_PrefabInstance: {fileID: 0}
  m_PrefabAsset: {fileID: 0}
  m_GameObject: {fileID: 760583160014638712}
  m_LocalRotation: {x: -1.7347236e-17, y: 0, z: -0, w: 1}
  m_LocalPosition: {x: 0.000000632002, y: -0.018518865, z: 0.0000001154108}
  m_LocalScale: {x: 1, y: 1, z: 1}
  m_Children: []
  m_Father: {fileID: 4474934658069597554}
  m_RootOrder: 0
  m_LocalEulerAnglesHint: {x: 0, y: 0, z: 0}
--- !u!1 &837414479572166166
GameObject:
  m_ObjectHideFlags: 0
  m_CorrespondingSourceObject: {fileID: 0}
  m_PrefabInstance: {fileID: 0}
  m_PrefabAsset: {fileID: 0}
  serializedVersion: 6
  m_Component:
  - component: {fileID: 2406647917002263981}
  m_Layer: 0
  m_Name: Left_Foot
  m_TagString: Untagged
  m_Icon: {fileID: 0}
  m_NavMeshLayer: 0
  m_StaticEditorFlags: 0
  m_IsActive: 1
--- !u!4 &2406647917002263981
Transform:
  m_ObjectHideFlags: 0
  m_CorrespondingSourceObject: {fileID: 0}
  m_PrefabInstance: {fileID: 0}
  m_PrefabAsset: {fileID: 0}
  m_GameObject: {fileID: 837414479572166166}
  m_LocalRotation: {x: -0.035700925, y: 0.049957544, z: -0.019575229, w: 0.9979211}
  m_LocalPosition: {x: 0.0000000017320426, y: 0.41403946, z: 7.141509e-16}
  m_LocalScale: {x: 1, y: 1, z: 1}
  m_Children:
  - {fileID: 8541449054058656993}
  m_Father: {fileID: 3530734626735898516}
  m_RootOrder: 0
  m_LocalEulerAnglesHint: {x: 0, y: 0, z: 0}
--- !u!1 &961617173061026531
GameObject:
  m_ObjectHideFlags: 0
  m_CorrespondingSourceObject: {fileID: 0}
  m_PrefabInstance: {fileID: 0}
  m_PrefabAsset: {fileID: 0}
  serializedVersion: 6
  m_Component:
  - component: {fileID: 1893819244939387439}
  m_Layer: 0
  m_Name: Left_ThumbDistal
  m_TagString: Untagged
  m_Icon: {fileID: 0}
  m_NavMeshLayer: 0
  m_StaticEditorFlags: 0
  m_IsActive: 1
--- !u!4 &1893819244939387439
Transform:
  m_ObjectHideFlags: 0
  m_CorrespondingSourceObject: {fileID: 0}
  m_PrefabInstance: {fileID: 0}
  m_PrefabAsset: {fileID: 0}
  m_GameObject: {fileID: 961617173061026531}
  m_LocalRotation: {x: 0.17147453, y: 0, z: -0, w: 0.98518854}
  m_LocalPosition: {x: -2.2737365e-15, y: 0.044597257, z: -0.006869915}
  m_LocalScale: {x: 1, y: 1, z: 1}
  m_Children:
  - {fileID: 5145744941945898765}
  m_Father: {fileID: 7147626650775883975}
  m_RootOrder: 0
  m_LocalEulerAnglesHint: {x: 0, y: 0, z: 0}
--- !u!1 &1035098327997787039
GameObject:
  m_ObjectHideFlags: 0
  m_CorrespondingSourceObject: {fileID: 0}
  m_PrefabInstance: {fileID: 0}
  m_PrefabAsset: {fileID: 0}
  serializedVersion: 6
  m_Component:
  - component: {fileID: 278572795132785905}
  - component: {fileID: 6416622196763775642}
  m_Layer: 0
  m_Name: Armature_Mesh
  m_TagString: Untagged
  m_Icon: {fileID: 0}
  m_NavMeshLayer: 0
  m_StaticEditorFlags: 0
  m_IsActive: 1
--- !u!4 &278572795132785905
Transform:
  m_ObjectHideFlags: 0
  m_CorrespondingSourceObject: {fileID: 0}
  m_PrefabInstance: {fileID: 0}
  m_PrefabAsset: {fileID: 0}
  m_GameObject: {fileID: 1035098327997787039}
  m_LocalRotation: {x: 0, y: -0, z: -0, w: 1}
  m_LocalPosition: {x: -0, y: 0, z: 0}
  m_LocalScale: {x: 1, y: 1, z: 1}
  m_Children:
  - {fileID: 6512395439030421135}
  m_Father: {fileID: 7197903447948958477}
  m_RootOrder: 0
  m_LocalEulerAnglesHint: {x: 0, y: 0, z: 0}
--- !u!137 &6416622196763775642
SkinnedMeshRenderer:
  m_ObjectHideFlags: 0
  m_CorrespondingSourceObject: {fileID: 0}
  m_PrefabInstance: {fileID: 0}
  m_PrefabAsset: {fileID: 0}
  m_GameObject: {fileID: 1035098327997787039}
  m_Enabled: 1
  m_CastShadows: 0
  m_ReceiveShadows: 1
  m_DynamicOccludee: 1
  m_StaticShadowCaster: 0
  m_MotionVectors: 1
  m_LightProbeUsage: 1
  m_ReflectionProbeUsage: 1
  m_RayTracingMode: 3
  m_RayTraceProcedural: 0
  m_RenderingLayerMask: 257
  m_RendererPriority: 0
  m_Materials:
  - {fileID: 2100000, guid: 892ac8dcbf514cf41a0682366f2ff923, type: 2}
  - {fileID: 2100000, guid: 9448065f7cf812f44ac4c572847fe110, type: 2}
  - {fileID: 2100000, guid: 1633edf367b9fc843a1cb692feef9269, type: 2}
  m_StaticBatchInfo:
    firstSubMesh: 0
    subMeshCount: 0
  m_StaticBatchRoot: {fileID: 0}
  m_ProbeAnchor: {fileID: 0}
  m_LightProbeVolumeOverride: {fileID: 0}
  m_ScaleInLightmap: 1
  m_ReceiveGI: 1
  m_PreserveUVs: 0
  m_IgnoreNormalsForChartDetection: 0
  m_ImportantGI: 0
  m_StitchLightmapSeams: 1
  m_SelectedEditorRenderState: 3
  m_MinimumChartSize: 4
  m_AutoUVMaxDistance: 0.5
  m_AutoUVMaxAngle: 89
  m_LightmapParameters: {fileID: 0}
  m_SortingLayerID: 0
  m_SortingLayer: 0
  m_SortingOrder: 0
  serializedVersion: 2
  m_Quality: 0
  m_UpdateWhenOffscreen: 0
  m_SkinnedMotionVectors: 1
  m_Mesh: {fileID: 4698152120088058464, guid: 36078ab0369161e49a29d349ae3e0739, type: 3}
  m_Bones:
  - {fileID: 7022575613081015662}
  - {fileID: 7967394077175553784}
  - {fileID: 2978018969011285948}
  - {fileID: 6471351877916804784}
  - {fileID: 2102232964007807108}
  - {fileID: 6848001309606814017}
  - {fileID: 5660124338637101231}
  - {fileID: 2807136993865242196}
  - {fileID: 2104605194343636371}
  - {fileID: 164671553456380083}
  - {fileID: 7331483832260283352}
  - {fileID: 8850149756507419698}
  - {fileID: 3120637890360653841}
  - {fileID: 8328518967805598423}
  - {fileID: 5683455985109745787}
  - {fileID: 3268401307588384522}
  - {fileID: 4907313487584846336}
  - {fileID: 1742191557989915491}
  - {fileID: 5916437930966418062}
  - {fileID: 7228990936325923835}
  - {fileID: 551573955023760501}
  - {fileID: 7225540813857109709}
  - {fileID: 4607187269639334002}
  - {fileID: 2365604518407675300}
  - {fileID: 4603092380029342952}
  - {fileID: 8694370499766281592}
  - {fileID: 3985803885334383519}
  - {fileID: 1709754014013538415}
  - {fileID: 7365691573302350280}
  - {fileID: 1200334473089938404}
  - {fileID: 8016372067772540638}
  - {fileID: 7147626650775883975}
  - {fileID: 1893819244939387439}
  - {fileID: 5145744941945898765}
  - {fileID: 8182615292856074364}
  - {fileID: 405671947637072867}
  - {fileID: 9193888759881480503}
  - {fileID: 8889632254528023303}
  - {fileID: 4317433836773224997}
  - {fileID: 8372394200697698618}
  - {fileID: 4474934658069597554}
  - {fileID: 5410569842934868166}
  - {fileID: 3478830579196866528}
  - {fileID: 6160441864839491381}
  - {fileID: 6502597930864191450}
  - {fileID: 5308248415940781148}
  - {fileID: 6803064101314585639}
  - {fileID: 3441736447522040255}
  - {fileID: 3969111666713026581}
  - {fileID: 1426214571207954353}
  - {fileID: 5866469084833702525}
  - {fileID: 1284946263707730639}
  - {fileID: 5792200559574355408}
  - {fileID: 3620303145213917421}
  - {fileID: 957889003806316250}
  - {fileID: 3896160952537017680}
  - {fileID: 2214828339283263946}
  - {fileID: 8109330071218318019}
  - {fileID: 7782311035223735676}
  - {fileID: 3530734626735898516}
  - {fileID: 2406647917002263981}
  - {fileID: 8541449054058656993}
  - {fileID: 7736318598331363931}
  - {fileID: 1283558128891575219}
  - {fileID: 816301261759990673}
  - {fileID: 4566171441748132492}
  - {fileID: 3237664110989032185}
  - {fileID: 1699277747383566504}
  m_BlendShapeWeights: []
  m_RootBone: {fileID: 7022575613081015662}
  m_AABB:
    m_Center: {x: -0.000000059604645, y: -0.09214255, z: 0.026248634}
    m_Extent: {x: 0.52818453, y: 0.88092995, z: 0.22050177}
  m_DirtyAABB: 0
--- !u!1 &1094821821805414347
GameObject:
  m_ObjectHideFlags: 0
  m_CorrespondingSourceObject: {fileID: 0}
  m_PrefabInstance: {fileID: 0}
  m_PrefabAsset: {fileID: 0}
  serializedVersion: 6
  m_Component:
  - component: {fileID: 7736318598331363931}
  m_Layer: 0
  m_Name: Left_ToesEnd
  m_TagString: Untagged
  m_Icon: {fileID: 0}
  m_NavMeshLayer: 0
  m_StaticEditorFlags: 0
  m_IsActive: 1
--- !u!4 &7736318598331363931
Transform:
  m_ObjectHideFlags: 0
  m_CorrespondingSourceObject: {fileID: 0}
  m_PrefabInstance: {fileID: 0}
  m_PrefabAsset: {fileID: 0}
  m_GameObject: {fileID: 1094821821805414347}
  m_LocalRotation: {x: 0.7070656, y: -0.0076321815, z: -0.0076321815, w: 0.7070656}
  m_LocalPosition: {x: -0.0010026174, y: 0.06423476, z: 0.016843978}
  m_LocalScale: {x: 1, y: 1, z: 1}
  m_Children: []
  m_Father: {fileID: 8541449054058656993}
  m_RootOrder: 0
  m_LocalEulerAnglesHint: {x: 0, y: 0, z: 0}
--- !u!1 &1426355368413101317
GameObject:
  m_ObjectHideFlags: 0
  m_CorrespondingSourceObject: {fileID: 0}
  m_PrefabInstance: {fileID: 0}
  m_PrefabAsset: {fileID: 0}
  serializedVersion: 6
  m_Component:
  - component: {fileID: 5683455985109745787}
  m_Layer: 0
  m_Name: Left_PinkyProximal
  m_TagString: Untagged
  m_Icon: {fileID: 0}
  m_NavMeshLayer: 0
  m_StaticEditorFlags: 0
  m_IsActive: 1
--- !u!4 &5683455985109745787
Transform:
  m_ObjectHideFlags: 0
  m_CorrespondingSourceObject: {fileID: 0}
  m_PrefabInstance: {fileID: 0}
  m_PrefabAsset: {fileID: 0}
  m_GameObject: {fileID: 1426355368413101317}
  m_LocalRotation: {x: 0.00660454, y: -0.5050901, z: 0.37113747, w: 0.7791645}
  m_LocalPosition: {x: 0.004436847, y: 0.07288173, z: -0.029359013}
  m_LocalScale: {x: 1, y: 1, z: 1}
  m_Children:
  - {fileID: 3268401307588384522}
  m_Father: {fileID: 8328518967805598423}
  m_RootOrder: 2
  m_LocalEulerAnglesHint: {x: 0, y: 0, z: 0}
--- !u!1 &1585567798648653074
GameObject:
  m_ObjectHideFlags: 0
  m_CorrespondingSourceObject: {fileID: 0}
  m_PrefabInstance: {fileID: 0}
  m_PrefabAsset: {fileID: 0}
  serializedVersion: 6
  m_Component:
  - component: {fileID: 2110711785256394664}
  - component: {fileID: 5763159231069705980}
  m_Layer: 0
  m_Name: Armature
  m_TagString: Untagged
  m_Icon: {fileID: 0}
  m_NavMeshLayer: 0
  m_StaticEditorFlags: 0
  m_IsActive: 1
--- !u!4 &2110711785256394664
Transform:
  m_ObjectHideFlags: 0
  m_CorrespondingSourceObject: {fileID: 0}
  m_PrefabInstance: {fileID: 0}
  m_PrefabAsset: {fileID: 0}
  m_GameObject: {fileID: 1585567798648653074}
  m_LocalRotation: {x: -0, y: -0, z: 0, w: 1}
  m_LocalPosition: {x: 0, y: 0, z: 0}
  m_LocalScale: {x: 1, y: 1, z: 1}
  m_Children:
  - {fileID: 7197903447948958477}
  - {fileID: 1089883768593785158}
  m_Father: {fileID: 0}
  m_RootOrder: 0
  m_LocalEulerAnglesHint: {x: 0, y: 180, z: 0}
--- !u!136 &5763159231069705980
CapsuleCollider:
  m_ObjectHideFlags: 0
  m_CorrespondingSourceObject: {fileID: 0}
  m_PrefabInstance: {fileID: 0}
  m_PrefabAsset: {fileID: 0}
  m_GameObject: {fileID: 1585567798648653074}
  m_Material: {fileID: 0}
  m_IsTrigger: 0
  m_Enabled: 1
  m_Radius: 0.25
  m_Height: 1.82
  m_Direction: 1
  m_Center: {x: 0, y: 0.91, z: 0}
--- !u!1 &1707746698940652124
GameObject:
  m_ObjectHideFlags: 0
  m_CorrespondingSourceObject: {fileID: 0}
  m_PrefabInstance: {fileID: 0}
  m_PrefabAsset: {fileID: 0}
  serializedVersion: 6
  m_Component:
  - component: {fileID: 1284946263707730639}
  m_Layer: 0
  m_Name: Right_IndexIntermediate
  m_TagString: Untagged
  m_Icon: {fileID: 0}
  m_NavMeshLayer: 0
  m_StaticEditorFlags: 0
  m_IsActive: 1
--- !u!4 &1284946263707730639
Transform:
  m_ObjectHideFlags: 0
  m_CorrespondingSourceObject: {fileID: 0}
  m_PrefabInstance: {fileID: 0}
  m_PrefabAsset: {fileID: 0}
  m_GameObject: {fileID: 1707746698940652124}
  m_LocalRotation: {x: 0.26077324, y: 0, z: -0, w: 0.9654001}
  m_LocalPosition: {x: 0.0000006924457, y: -0.04210151, z: -0.0000013631077}
  m_LocalScale: {x: 1, y: 1, z: 1}
  m_Children:
  - {fileID: 5792200559574355408}
  m_Father: {fileID: 5866469084833702525}
  m_RootOrder: 0
  m_LocalEulerAnglesHint: {x: 0, y: 0, z: 0}
--- !u!1 &1833445202013733364
GameObject:
  m_ObjectHideFlags: 0
  m_CorrespondingSourceObject: {fileID: 0}
  m_PrefabInstance: {fileID: 0}
  m_PrefabAsset: {fileID: 0}
  serializedVersion: 6
  m_Component:
  - component: {fileID: 7147626650775883975}
  m_Layer: 0
  m_Name: Left_ThumbIntermediate
  m_TagString: Untagged
  m_Icon: {fileID: 0}
  m_NavMeshLayer: 0
  m_StaticEditorFlags: 0
  m_IsActive: 1
--- !u!4 &7147626650775883975
Transform:
  m_ObjectHideFlags: 0
  m_CorrespondingSourceObject: {fileID: 0}
  m_PrefabInstance: {fileID: 0}
  m_PrefabAsset: {fileID: 0}
  m_GameObject: {fileID: 1833445202013733364}
  m_LocalRotation: {x: 0.12780538, y: 0, z: -0, w: 0.9917993}
  m_LocalPosition: {x: 2.4357445e-15, y: 0.027578257, z: 0.0038183592}
  m_LocalScale: {x: 1, y: 1, z: 1}
  m_Children:
  - {fileID: 1893819244939387439}
  m_Father: {fileID: 8016372067772540638}
  m_RootOrder: 0
  m_LocalEulerAnglesHint: {x: 0, y: 0, z: 0}
--- !u!1 &1864102543802751281
GameObject:
  m_ObjectHideFlags: 0
  m_CorrespondingSourceObject: {fileID: 0}
  m_PrefabInstance: {fileID: 0}
  m_PrefabAsset: {fileID: 0}
  serializedVersion: 6
  m_Component:
  - component: {fileID: 7225540813857109709}
  m_Layer: 0
  m_Name: Left_RingDistalEnd
  m_TagString: Untagged
  m_Icon: {fileID: 0}
  m_NavMeshLayer: 0
  m_StaticEditorFlags: 0
  m_IsActive: 1
--- !u!4 &7225540813857109709
Transform:
  m_ObjectHideFlags: 0
  m_CorrespondingSourceObject: {fileID: 0}
  m_PrefabInstance: {fileID: 0}
  m_PrefabAsset: {fileID: 0}
  m_GameObject: {fileID: 1864102543802751281}
  m_LocalRotation: {x: 0, y: -0, z: -0, w: 1}
  m_LocalPosition: {x: -7.105426e-17, y: 0.02095726, z: -7.105426e-17}
  m_LocalScale: {x: 1, y: 1, z: 1}
  m_Children: []
  m_Father: {fileID: 551573955023760501}
  m_RootOrder: 0
  m_LocalEulerAnglesHint: {x: 0, y: 0, z: 0}
--- !u!1 &2013772584020758836
GameObject:
  m_ObjectHideFlags: 0
  m_CorrespondingSourceObject: {fileID: 0}
  m_PrefabInstance: {fileID: 0}
  m_PrefabAsset: {fileID: 0}
  serializedVersion: 6
  m_Component:
  - component: {fileID: 5145744941945898765}
  m_Layer: 0
  m_Name: Left_ThumbDistalEnd
  m_TagString: Untagged
  m_Icon: {fileID: 0}
  m_NavMeshLayer: 0
  m_StaticEditorFlags: 0
  m_IsActive: 1
--- !u!4 &5145744941945898765
Transform:
  m_ObjectHideFlags: 0
  m_CorrespondingSourceObject: {fileID: 0}
  m_PrefabInstance: {fileID: 0}
  m_PrefabAsset: {fileID: 0}
  m_GameObject: {fileID: 2013772584020758836}
  m_LocalRotation: {x: 0, y: -0, z: -0, w: 1}
  m_LocalPosition: {x: -4.2632555e-16, y: 0.029458016, z: 0}
  m_LocalScale: {x: 1, y: 1, z: 1}
  m_Children: []
  m_Father: {fileID: 1893819244939387439}
  m_RootOrder: 0
  m_LocalEulerAnglesHint: {x: 0, y: 0, z: 0}
--- !u!1 &2030515499893905507
GameObject:
  m_ObjectHideFlags: 0
  m_CorrespondingSourceObject: {fileID: 0}
  m_PrefabInstance: {fileID: 0}
  m_PrefabAsset: {fileID: 0}
  serializedVersion: 6
  m_Component:
  - component: {fileID: 1742191557989915491}
  m_Layer: 0
  m_Name: Left_PinkyDistalEnd
  m_TagString: Untagged
  m_Icon: {fileID: 0}
  m_NavMeshLayer: 0
  m_StaticEditorFlags: 0
  m_IsActive: 1
--- !u!4 &1742191557989915491
Transform:
  m_ObjectHideFlags: 0
  m_CorrespondingSourceObject: {fileID: 0}
  m_PrefabInstance: {fileID: 0}
  m_PrefabAsset: {fileID: 0}
  m_GameObject: {fileID: 2030515499893905507}
  m_LocalRotation: {x: 0, y: -0, z: -0, w: 1}
  m_LocalPosition: {x: -1.2434495e-16, y: 0.018519057, z: 0}
  m_LocalScale: {x: 1, y: 1, z: 1}
  m_Children: []
  m_Father: {fileID: 4907313487584846336}
  m_RootOrder: 0
  m_LocalEulerAnglesHint: {x: 0, y: 0, z: 0}
--- !u!1 &2045081660516969043
GameObject:
  m_ObjectHideFlags: 0
  m_CorrespondingSourceObject: {fileID: 0}
  m_PrefabInstance: {fileID: 0}
  m_PrefabAsset: {fileID: 0}
  serializedVersion: 6
  m_Component:
  - component: {fileID: 3478830579196866528}
  m_Layer: 0
  m_Name: Right_RingProximal
  m_TagString: Untagged
  m_Icon: {fileID: 0}
  m_NavMeshLayer: 0
  m_StaticEditorFlags: 0
  m_IsActive: 1
--- !u!4 &3478830579196866528
Transform:
  m_ObjectHideFlags: 0
  m_CorrespondingSourceObject: {fileID: 0}
  m_PrefabInstance: {fileID: 0}
  m_PrefabAsset: {fileID: 0}
  m_GameObject: {fileID: 2045081660516969043}
  m_LocalRotation: {x: 0.035571583, y: -0.5691555, z: 0.3065858, w: 0.76210356}
  m_LocalPosition: {x: -0.00952738, y: -0.08161427, z: 0.012242128}
  m_LocalScale: {x: 1, y: 1, z: 1}
  m_Children:
  - {fileID: 6160441864839491381}
  m_Father: {fileID: 8889632254528023303}
  m_RootOrder: 3
  m_LocalEulerAnglesHint: {x: 0, y: 0, z: 0}
--- !u!1 &2271392633554269492
GameObject:
  m_ObjectHideFlags: 0
  m_CorrespondingSourceObject: {fileID: 0}
  m_PrefabInstance: {fileID: 0}
  m_PrefabAsset: {fileID: 0}
  serializedVersion: 6
  m_Component:
  - component: {fileID: 6848001309606814017}
  m_Layer: 0
  m_Name: Head
  m_TagString: Untagged
  m_Icon: {fileID: 0}
  m_NavMeshLayer: 0
  m_StaticEditorFlags: 0
  m_IsActive: 1
--- !u!4 &6848001309606814017
Transform:
  m_ObjectHideFlags: 0
  m_CorrespondingSourceObject: {fileID: 0}
  m_PrefabInstance: {fileID: 0}
  m_PrefabAsset: {fileID: 0}
  m_GameObject: {fileID: 2271392633554269492}
  m_LocalRotation: {x: -0.060688436, y: 0, z: -0, w: 0.9981568}
  m_LocalPosition: {x: -0, y: 0.12747401, z: 0}
  m_LocalScale: {x: 1, y: 1, z: 1}
  m_Children:
  - {fileID: 2104605194343636371}
  - {fileID: 2807136993865242196}
  - {fileID: 5660124338637101231}
  m_Father: {fileID: 2102232964007807108}
  m_RootOrder: 0
  m_LocalEulerAnglesHint: {x: 0, y: 0, z: 0}
--- !u!1 &2431229425814727306
GameObject:
  m_ObjectHideFlags: 0
  m_CorrespondingSourceObject: {fileID: 0}
  m_PrefabInstance: {fileID: 0}
  m_PrefabAsset: {fileID: 0}
  serializedVersion: 6
  m_Component:
  - component: {fileID: 1426214571207954353}
  m_Layer: 0
  m_Name: Right_MiddleDistalEnd
  m_TagString: Untagged
  m_Icon: {fileID: 0}
  m_NavMeshLayer: 0
  m_StaticEditorFlags: 0
  m_IsActive: 1
--- !u!4 &1426214571207954353
Transform:
  m_ObjectHideFlags: 0
  m_CorrespondingSourceObject: {fileID: 0}
  m_PrefabInstance: {fileID: 0}
  m_PrefabAsset: {fileID: 0}
  m_GameObject: {fileID: 2431229425814727306}
  m_LocalRotation: {x: 0, y: -0, z: -0, w: 1}
  m_LocalPosition: {x: 0.000000038619483, y: -0.023345316, z: 0.0000005352584}
  m_LocalScale: {x: 1, y: 1, z: 1}
  m_Children: []
  m_Father: {fileID: 3969111666713026581}
  m_RootOrder: 0
  m_LocalEulerAnglesHint: {x: 0, y: 0, z: 0}
--- !u!1 &2541851909113358648
GameObject:
  m_ObjectHideFlags: 0
  m_CorrespondingSourceObject: {fileID: 0}
  m_PrefabInstance: {fileID: 0}
  m_PrefabAsset: {fileID: 0}
  serializedVersion: 6
  m_Component:
  - component: {fileID: 4317433836773224997}
  m_Layer: 0
  m_Name: Right_PinkyProximal
  m_TagString: Untagged
  m_Icon: {fileID: 0}
  m_NavMeshLayer: 0
  m_StaticEditorFlags: 0
  m_IsActive: 1
--- !u!4 &4317433836773224997
Transform:
  m_ObjectHideFlags: 0
  m_CorrespondingSourceObject: {fileID: 0}
  m_PrefabInstance: {fileID: 0}
  m_PrefabAsset: {fileID: 0}
  m_GameObject: {fileID: 2541851909113358648}
  m_LocalRotation: {x: 0.00660454, y: -0.5050901, z: 0.37113747, w: 0.7791645}
  m_LocalPosition: {x: -0.0044381507, y: -0.07288141, z: 0.029358566}
  m_LocalScale: {x: 1, y: 1, z: 1}
  m_Children:
  - {fileID: 8372394200697698618}
  m_Father: {fileID: 8889632254528023303}
  m_RootOrder: 2
  m_LocalEulerAnglesHint: {x: 0, y: 0, z: 0}
--- !u!1 &2782028117793626400
GameObject:
  m_ObjectHideFlags: 0
  m_CorrespondingSourceObject: {fileID: 0}
  m_PrefabInstance: {fileID: 0}
  m_PrefabAsset: {fileID: 0}
  serializedVersion: 6
  m_Component:
  - component: {fileID: 2978018969011285948}
  m_Layer: 0
  m_Name: Chest
  m_TagString: Untagged
  m_Icon: {fileID: 0}
  m_NavMeshLayer: 0
  m_StaticEditorFlags: 0
  m_IsActive: 1
--- !u!4 &2978018969011285948
Transform:
  m_ObjectHideFlags: 0
  m_CorrespondingSourceObject: {fileID: 0}
  m_PrefabInstance: {fileID: 0}
  m_PrefabAsset: {fileID: 0}
  m_GameObject: {fileID: 2782028117793626400}
  m_LocalRotation: {x: 0, y: -0, z: -0, w: 1}
  m_LocalPosition: {x: -0, y: 0.1034043, z: 0}
  m_LocalScale: {x: 1, y: 1, z: 1}
  m_Children:
  - {fileID: 6471351877916804784}
  m_Father: {fileID: 7967394077175553784}
  m_RootOrder: 0
  m_LocalEulerAnglesHint: {x: 0, y: 0, z: 0}
--- !u!1 &2795259132238640341
GameObject:
  m_ObjectHideFlags: 0
  m_CorrespondingSourceObject: {fileID: 0}
  m_PrefabInstance: {fileID: 0}
  m_PrefabAsset: {fileID: 0}
  serializedVersion: 6
  m_Component:
  - component: {fileID: 4607187269639334002}
  m_Layer: 0
  m_Name: Left_MiddleProximal
  m_TagString: Untagged
  m_Icon: {fileID: 0}
  m_NavMeshLayer: 0
  m_StaticEditorFlags: 0
  m_IsActive: 1
--- !u!4 &4607187269639334002
Transform:
  m_ObjectHideFlags: 0
  m_CorrespondingSourceObject: {fileID: 0}
  m_PrefabInstance: {fileID: 0}
  m_PrefabAsset: {fileID: 0}
  m_GameObject: {fileID: 2795259132238640341}
  m_LocalRotation: {x: 0.09593409, y: -0.6426922, z: 0.21124882, w: 0.73014885}
  m_LocalPosition: {x: 0.012847862, y: 0.08609763, z: 0.003435423}
  m_LocalScale: {x: 1, y: 1, z: 1}
  m_Children:
  - {fileID: 2365604518407675300}
  m_Father: {fileID: 8328518967805598423}
  m_RootOrder: 1
  m_LocalEulerAnglesHint: {x: 0, y: 0, z: 0}
--- !u!1 &2943083661176019600
GameObject:
  m_ObjectHideFlags: 0
  m_CorrespondingSourceObject: {fileID: 0}
  m_PrefabInstance: {fileID: 0}
  m_PrefabAsset: {fileID: 0}
  serializedVersion: 6
  m_Component:
  - component: {fileID: 3896160952537017680}
  m_Layer: 0
  m_Name: Right_ThumbIntermediate
  m_TagString: Untagged
  m_Icon: {fileID: 0}
  m_NavMeshLayer: 0
  m_StaticEditorFlags: 0
  m_IsActive: 1
--- !u!4 &3896160952537017680
Transform:
  m_ObjectHideFlags: 0
  m_CorrespondingSourceObject: {fileID: 0}
  m_PrefabInstance: {fileID: 0}
  m_PrefabAsset: {fileID: 0}
  m_GameObject: {fileID: 2943083661176019600}
  m_LocalRotation: {x: 0.12780538, y: 0, z: -0, w: 0.9917993}
  m_LocalPosition: {x: 0.00000015009721, y: -0.02757781, z: -0.0038183848}
  m_LocalScale: {x: 1, y: 1, z: 1}
  m_Children:
  - {fileID: 2214828339283263946}
  m_Father: {fileID: 957889003806316250}
  m_RootOrder: 0
  m_LocalEulerAnglesHint: {x: 0, y: 0, z: 0}
--- !u!1 &3281030048074860678
GameObject:
  m_ObjectHideFlags: 0
  m_CorrespondingSourceObject: {fileID: 0}
  m_PrefabInstance: {fileID: 0}
  m_PrefabAsset: {fileID: 0}
  serializedVersion: 6
  m_Component:
  - component: {fileID: 2365604518407675300}
  m_Layer: 0
  m_Name: Left_MiddleIntermediate
  m_TagString: Untagged
  m_Icon: {fileID: 0}
  m_NavMeshLayer: 0
  m_StaticEditorFlags: 0
  m_IsActive: 1
--- !u!4 &2365604518407675300
Transform:
  m_ObjectHideFlags: 0
  m_CorrespondingSourceObject: {fileID: 0}
  m_PrefabInstance: {fileID: 0}
  m_PrefabAsset: {fileID: 0}
  m_GameObject: {fileID: 3281030048074860678}
  m_LocalRotation: {x: 0.3409832, y: 0, z: -0, w: 0.94006944}
  m_LocalPosition: {x: 2.7261607e-16, y: 0.051279362, z: 5.988264e-17}
  m_LocalScale: {x: 1, y: 1, z: 1}
  m_Children:
  - {fileID: 4603092380029342952}
  m_Father: {fileID: 4607187269639334002}
  m_RootOrder: 0
  m_LocalEulerAnglesHint: {x: 0, y: 0, z: 0}
--- !u!1 &3506603142427926454
GameObject:
  m_ObjectHideFlags: 0
  m_CorrespondingSourceObject: {fileID: 0}
  m_PrefabInstance: {fileID: 0}
  m_PrefabAsset: {fileID: 0}
  serializedVersion: 6
  m_Component:
  - component: {fileID: 7967394077175553784}
  m_Layer: 0
  m_Name: Spine
  m_TagString: Untagged
  m_Icon: {fileID: 0}
  m_NavMeshLayer: 0
  m_StaticEditorFlags: 0
  m_IsActive: 1
--- !u!4 &7967394077175553784
Transform:
  m_ObjectHideFlags: 0
  m_CorrespondingSourceObject: {fileID: 0}
  m_PrefabInstance: {fileID: 0}
  m_PrefabAsset: {fileID: 0}
  m_GameObject: {fileID: 3506603142427926454}
  m_LocalRotation: {x: 0, y: -0, z: -0, w: 1}
  m_LocalPosition: {x: -0, y: 0.058229383, z: 0.0012229546}
  m_LocalScale: {x: 1, y: 1, z: 1}
  m_Children:
  - {fileID: 2978018969011285948}
  m_Father: {fileID: 7022575613081015662}
  m_RootOrder: 2
  m_LocalEulerAnglesHint: {x: 0, y: 0, z: 0}
--- !u!1 &3615472488495640889
GameObject:
  m_ObjectHideFlags: 0
  m_CorrespondingSourceObject: {fileID: 0}
  m_PrefabInstance: {fileID: 0}
  m_PrefabAsset: {fileID: 0}
  serializedVersion: 6
  m_Component:
  - component: {fileID: 8109330071218318019}
  m_Layer: 0
  m_Name: Right_ThumbDistalEnd
  m_TagString: Untagged
  m_Icon: {fileID: 0}
  m_NavMeshLayer: 0
  m_StaticEditorFlags: 0
  m_IsActive: 1
--- !u!4 &8109330071218318019
Transform:
  m_ObjectHideFlags: 0
  m_CorrespondingSourceObject: {fileID: 0}
  m_PrefabInstance: {fileID: 0}
  m_PrefabAsset: {fileID: 0}
  m_GameObject: {fileID: 3615472488495640889}
  m_LocalRotation: {x: -2.7755574e-17, y: 0, z: -0, w: 1}
  m_LocalPosition: {x: 0.00000020228964, y: -0.029458148, z: 0.0000009551683}
  m_LocalScale: {x: 1, y: 1, z: 1}
  m_Children: []
  m_Father: {fileID: 2214828339283263946}
  m_RootOrder: 0
  m_LocalEulerAnglesHint: {x: 0, y: 0, z: 0}
--- !u!1 &3897401027507455768
GameObject:
  m_ObjectHideFlags: 0
  m_CorrespondingSourceObject: {fileID: 0}
  m_PrefabInstance: {fileID: 0}
  m_PrefabAsset: {fileID: 0}
  serializedVersion: 6
  m_Component:
  - component: {fileID: 7022575613081015662}
  m_Layer: 0
  m_Name: Hips
  m_TagString: Untagged
  m_Icon: {fileID: 0}
  m_NavMeshLayer: 0
  m_StaticEditorFlags: 0
  m_IsActive: 1
--- !u!4 &7022575613081015662
Transform:
  m_ObjectHideFlags: 0
  m_CorrespondingSourceObject: {fileID: 0}
  m_PrefabInstance: {fileID: 0}
  m_PrefabAsset: {fileID: 0}
  m_GameObject: {fileID: 3897401027507455768}
  m_LocalRotation: {x: 0, y: -0, z: -0, w: 1}
  m_LocalPosition: {x: -0, y: 0.9810986, z: -0.01590455}
  m_LocalScale: {x: 1, y: 1, z: 1}
  m_Children:
  - {fileID: 7782311035223735676}
  - {fileID: 1283558128891575219}
  - {fileID: 7967394077175553784}
  m_Father: {fileID: 1089883768593785158}
  m_RootOrder: 0
  m_LocalEulerAnglesHint: {x: 0, y: 0, z: 0}
--- !u!1 &3905905969530256485
GameObject:
  m_ObjectHideFlags: 0
  m_CorrespondingSourceObject: {fileID: 0}
  m_PrefabInstance: {fileID: 0}
  m_PrefabAsset: {fileID: 0}
  serializedVersion: 6
  m_Component:
  - component: {fileID: 1283558128891575219}
  m_Layer: 0
  m_Name: Right_UpperLeg
  m_TagString: Untagged
  m_Icon: {fileID: 0}
  m_NavMeshLayer: 0
  m_StaticEditorFlags: 0
  m_IsActive: 1
--- !u!4 &1283558128891575219
Transform:
  m_ObjectHideFlags: 0
  m_CorrespondingSourceObject: {fileID: 0}
  m_PrefabInstance: {fileID: 0}
  m_PrefabAsset: {fileID: 0}
  m_GameObject: {fileID: 3905905969530256485}
  m_LocalRotation: {x: 0.0026075041, y: 0.00004630041, z: 0.01775374, w: 0.999839}
  m_LocalPosition: {x: 0.086103186, y: -0.053458147, z: -0.0114706475}
  m_LocalScale: {x: 1, y: 1, z: 1}
  m_Children:
  - {fileID: 816301261759990673}
  m_Father: {fileID: 7022575613081015662}
  m_RootOrder: 1
  m_LocalEulerAnglesHint: {x: 0, y: 0, z: 0}
--- !u!1 &3906516952817865179
GameObject:
  m_ObjectHideFlags: 0
  m_CorrespondingSourceObject: {fileID: 0}
  m_PrefabInstance: {fileID: 0}
  m_PrefabAsset: {fileID: 0}
  serializedVersion: 6
  m_Component:
  - component: {fileID: 4566171441748132492}
  m_Layer: 0
  m_Name: Right_Foot
  m_TagString: Untagged
  m_Icon: {fileID: 0}
  m_NavMeshLayer: 0
  m_StaticEditorFlags: 0
  m_IsActive: 1
--- !u!4 &4566171441748132492
Transform:
  m_ObjectHideFlags: 0
  m_CorrespondingSourceObject: {fileID: 0}
  m_PrefabInstance: {fileID: 0}
  m_PrefabAsset: {fileID: 0}
  m_GameObject: {fileID: 3906516952817865179}
  m_LocalRotation: {x: -0.035700925, y: 0.049957544, z: -0.019575229, w: 0.9979211}
  m_LocalPosition: {x: -0.0000007472542, y: -0.41403967, z: -0.000000032847502}
  m_LocalScale: {x: 1, y: 1, z: 1}
  m_Children:
  - {fileID: 3237664110989032185}
  m_Father: {fileID: 816301261759990673}
  m_RootOrder: 0
  m_LocalEulerAnglesHint: {x: 0, y: 0, z: 0}
--- !u!1 &4108444313723325756
GameObject:
  m_ObjectHideFlags: 0
  m_CorrespondingSourceObject: {fileID: 0}
  m_PrefabInstance: {fileID: 0}
  m_PrefabAsset: {fileID: 0}
  serializedVersion: 6
  m_Component:
  - component: {fileID: 5792200559574355408}
  m_Layer: 0
  m_Name: Right_IndexDistal
  m_TagString: Untagged
  m_Icon: {fileID: 0}
  m_NavMeshLayer: 0
  m_StaticEditorFlags: 0
  m_IsActive: 1
--- !u!4 &5792200559574355408
Transform:
  m_ObjectHideFlags: 0
  m_CorrespondingSourceObject: {fileID: 0}
  m_PrefabInstance: {fileID: 0}
  m_PrefabAsset: {fileID: 0}
  m_GameObject: {fileID: 4108444313723325756}
  m_LocalRotation: {x: 0.08318636, y: 0, z: -0, w: 0.996534}
  m_LocalPosition: {x: -0.00000032847043, y: -0.025139209, z: -0.0000005960629}
  m_LocalScale: {x: 1, y: 1, z: 1}
  m_Children:
  - {fileID: 3620303145213917421}
  m_Father: {fileID: 1284946263707730639}
  m_RootOrder: 0
  m_LocalEulerAnglesHint: {x: 0, y: 0, z: 0}
--- !u!1 &4118008137530463114
GameObject:
  m_ObjectHideFlags: 0
  m_CorrespondingSourceObject: {fileID: 0}
  m_PrefabInstance: {fileID: 0}
  m_PrefabAsset: {fileID: 0}
  serializedVersion: 6
  m_Component:
  - component: {fileID: 3237664110989032185}
  m_Layer: 0
  m_Name: Right_Toes
  m_TagString: Untagged
  m_Icon: {fileID: 0}
  m_NavMeshLayer: 0
  m_StaticEditorFlags: 0
  m_IsActive: 1
--- !u!4 &3237664110989032185
Transform:
  m_ObjectHideFlags: 0
  m_CorrespondingSourceObject: {fileID: 0}
  m_PrefabInstance: {fileID: 0}
  m_PrefabAsset: {fileID: 0}
  m_GameObject: {fileID: 4118008137530463114}
  m_LocalRotation: {x: -0.7071068, y: 0, z: 0, w: 0.7071068}
  m_LocalPosition: {x: -0.00000015643121, y: -0.07224799, z: 0.11807}
  m_LocalScale: {x: 1, y: 1, z: 1}
  m_Children:
  - {fileID: 1699277747383566504}
  m_Father: {fileID: 4566171441748132492}
  m_RootOrder: 0
  m_LocalEulerAnglesHint: {x: 0, y: 0, z: 0}
--- !u!1 &4155635134312399197
GameObject:
  m_ObjectHideFlags: 0
  m_CorrespondingSourceObject: {fileID: 0}
  m_PrefabInstance: {fileID: 0}
  m_PrefabAsset: {fileID: 0}
  serializedVersion: 6
  m_Component:
  - component: {fileID: 7197903447948958477}
  m_Layer: 0
  m_Name: Geometry
  m_TagString: Untagged
  m_Icon: {fileID: 0}
  m_NavMeshLayer: 0
  m_StaticEditorFlags: 0
  m_IsActive: 1
--- !u!4 &7197903447948958477
Transform:
  m_ObjectHideFlags: 0
  m_CorrespondingSourceObject: {fileID: 0}
  m_PrefabInstance: {fileID: 0}
  m_PrefabAsset: {fileID: 0}
  m_GameObject: {fileID: 4155635134312399197}
  m_LocalRotation: {x: 0, y: -0, z: -0, w: 1}
  m_LocalPosition: {x: -0, y: 0, z: 0}
  m_LocalScale: {x: 1, y: 1, z: 1}
  m_Children:
  - {fileID: 278572795132785905}
  m_Father: {fileID: 2110711785256394664}
  m_RootOrder: 0
  m_LocalEulerAnglesHint: {x: 0, y: 0, z: 0}
--- !u!1 &4305061428463881424
GameObject:
  m_ObjectHideFlags: 0
  m_CorrespondingSourceObject: {fileID: 0}
  m_PrefabInstance: {fileID: 0}
  m_PrefabAsset: {fileID: 0}
  serializedVersion: 6
  m_Component:
  - component: {fileID: 6803064101314585639}
  m_Layer: 0
  m_Name: Right_MiddleProximal
  m_TagString: Untagged
  m_Icon: {fileID: 0}
  m_NavMeshLayer: 0
  m_StaticEditorFlags: 0
  m_IsActive: 1
--- !u!4 &6803064101314585639
Transform:
  m_ObjectHideFlags: 0
  m_CorrespondingSourceObject: {fileID: 0}
  m_PrefabInstance: {fileID: 0}
  m_PrefabAsset: {fileID: 0}
  m_GameObject: {fileID: 4305061428463881424}
  m_LocalRotation: {x: 0.09593409, y: -0.6426922, z: 0.21124882, w: 0.73014885}
  m_LocalPosition: {x: -0.012848663, y: -0.08609768, z: -0.0034359337}
  m_LocalScale: {x: 1, y: 1, z: 1}
  m_Children:
  - {fileID: 3441736447522040255}
  m_Father: {fileID: 8889632254528023303}
  m_RootOrder: 1
  m_LocalEulerAnglesHint: {x: 0, y: 0, z: 0}
--- !u!1 &4384065500300310305
GameObject:
  m_ObjectHideFlags: 0
  m_CorrespondingSourceObject: {fileID: 0}
  m_PrefabInstance: {fileID: 0}
  m_PrefabAsset: {fileID: 0}
  serializedVersion: 6
  m_Component:
  - component: {fileID: 3268401307588384522}
  m_Layer: 0
  m_Name: Left_PinkyIntermediate
  m_TagString: Untagged
  m_Icon: {fileID: 0}
  m_NavMeshLayer: 0
  m_StaticEditorFlags: 0
  m_IsActive: 1
--- !u!4 &3268401307588384522
Transform:
  m_ObjectHideFlags: 0
  m_CorrespondingSourceObject: {fileID: 0}
  m_PrefabInstance: {fileID: 0}
  m_PrefabAsset: {fileID: 0}
  m_GameObject: {fileID: 4384065500300310305}
  m_LocalRotation: {x: 0.29918617, y: 0, z: -0, w: 0.9541948}
  m_LocalPosition: {x: 1.9539922e-16, y: 0.032272622, z: -1.4210853e-16}
  m_LocalScale: {x: 1, y: 1, z: 1}
  m_Children:
  - {fileID: 4907313487584846336}
  m_Father: {fileID: 5683455985109745787}
  m_RootOrder: 0
  m_LocalEulerAnglesHint: {x: 0, y: 0, z: 0}
--- !u!1 &4439279051322049388
GameObject:
  m_ObjectHideFlags: 0
  m_CorrespondingSourceObject: {fileID: 0}
  m_PrefabInstance: {fileID: 0}
  m_PrefabAsset: {fileID: 0}
  serializedVersion: 6
  m_Component:
  - component: {fileID: 8850149756507419698}
  m_Layer: 0
  m_Name: Left_UpperArm
  m_TagString: Untagged
  m_Icon: {fileID: 0}
  m_NavMeshLayer: 0
  m_StaticEditorFlags: 0
  m_IsActive: 1
--- !u!4 &8850149756507419698
Transform:
  m_ObjectHideFlags: 0
  m_CorrespondingSourceObject: {fileID: 0}
  m_PrefabInstance: {fileID: 0}
  m_PrefabAsset: {fileID: 0}
  m_GameObject: {fileID: 4439279051322049388}
  m_LocalRotation: {x: 0.17870994, y: 0.027966427, z: 0.90344393, w: 0.38867682}
  m_LocalPosition: {x: -0.16743502, y: -5.684341e-16, z: -2.664535e-17}
  m_LocalScale: {x: 1, y: 1, z: 1}
  m_Children:
  - {fileID: 3120637890360653841}
  m_Father: {fileID: 7331483832260283352}
  m_RootOrder: 0
  m_LocalEulerAnglesHint: {x: 0, y: 0, z: 0}
--- !u!1 &4493571011493948000
GameObject:
  m_ObjectHideFlags: 0
  m_CorrespondingSourceObject: {fileID: 0}
  m_PrefabInstance: {fileID: 0}
  m_PrefabAsset: {fileID: 0}
  serializedVersion: 6
  m_Component:
  - component: {fileID: 6512395439030421135}
  - component: {fileID: 5475699029240374165}
  m_Layer: 0
  m_Name: Shadow
  m_TagString: Untagged
  m_Icon: {fileID: 0}
  m_NavMeshLayer: 0
  m_StaticEditorFlags: 0
  m_IsActive: 1
--- !u!4 &6512395439030421135
Transform:
  m_ObjectHideFlags: 0
  m_CorrespondingSourceObject: {fileID: 0}
  m_PrefabInstance: {fileID: 0}
  m_PrefabAsset: {fileID: 0}
  m_GameObject: {fileID: 4493571011493948000}
  m_LocalRotation: {x: 0, y: 0, z: 0, w: 1}
  m_LocalPosition: {x: 0, y: 0, z: 0}
  m_LocalScale: {x: 1, y: 1, z: 1}
  m_Children: []
  m_Father: {fileID: 278572795132785905}
  m_RootOrder: 0
  m_LocalEulerAnglesHint: {x: 0, y: 0, z: 0}
--- !u!137 &5475699029240374165
SkinnedMeshRenderer:
  m_ObjectHideFlags: 0
  m_CorrespondingSourceObject: {fileID: 0}
  m_PrefabInstance: {fileID: 0}
  m_PrefabAsset: {fileID: 0}
  m_GameObject: {fileID: 4493571011493948000}
  m_Enabled: 1
  m_CastShadows: 3
  m_ReceiveShadows: 1
  m_DynamicOccludee: 1
  m_StaticShadowCaster: 0
  m_MotionVectors: 1
  m_LightProbeUsage: 1
  m_ReflectionProbeUsage: 1
  m_RayTracingMode: 3
  m_RayTraceProcedural: 0
  m_RenderingLayerMask: 257
  m_RendererPriority: 0
  m_Materials:
  - {fileID: 10303, guid: 0000000000000000f000000000000000, type: 0}
  - {fileID: 10303, guid: 0000000000000000f000000000000000, type: 0}
  - {fileID: 10303, guid: 0000000000000000f000000000000000, type: 0}
  m_StaticBatchInfo:
    firstSubMesh: 0
    subMeshCount: 0
  m_StaticBatchRoot: {fileID: 0}
  m_ProbeAnchor: {fileID: 0}
  m_LightProbeVolumeOverride: {fileID: 0}
  m_ScaleInLightmap: 1
  m_ReceiveGI: 1
  m_PreserveUVs: 0
  m_IgnoreNormalsForChartDetection: 0
  m_ImportantGI: 0
  m_StitchLightmapSeams: 1
  m_SelectedEditorRenderState: 3
  m_MinimumChartSize: 4
  m_AutoUVMaxDistance: 0.5
  m_AutoUVMaxAngle: 89
  m_LightmapParameters: {fileID: 0}
  m_SortingLayerID: 0
  m_SortingLayer: 0
  m_SortingOrder: 0
  serializedVersion: 2
  m_Quality: 0
  m_UpdateWhenOffscreen: 0
  m_SkinnedMotionVectors: 1
  m_Mesh: {fileID: 4698152120088058464, guid: 36078ab0369161e49a29d349ae3e0739, type: 3}
  m_Bones:
  - {fileID: 7022575613081015662}
  - {fileID: 7967394077175553784}
  - {fileID: 2978018969011285948}
  - {fileID: 6471351877916804784}
  - {fileID: 2102232964007807108}
  - {fileID: 6848001309606814017}
  - {fileID: 5660124338637101231}
  - {fileID: 2807136993865242196}
  - {fileID: 2104605194343636371}
  - {fileID: 164671553456380083}
  - {fileID: 7331483832260283352}
  - {fileID: 8850149756507419698}
  - {fileID: 3120637890360653841}
  - {fileID: 8328518967805598423}
  - {fileID: 5683455985109745787}
  - {fileID: 3268401307588384522}
  - {fileID: 4907313487584846336}
  - {fileID: 1742191557989915491}
  - {fileID: 5916437930966418062}
  - {fileID: 7228990936325923835}
  - {fileID: 551573955023760501}
  - {fileID: 7225540813857109709}
  - {fileID: 4607187269639334002}
  - {fileID: 2365604518407675300}
  - {fileID: 4603092380029342952}
  - {fileID: 8694370499766281592}
  - {fileID: 3985803885334383519}
  - {fileID: 1709754014013538415}
  - {fileID: 7365691573302350280}
  - {fileID: 1200334473089938404}
  - {fileID: 8016372067772540638}
  - {fileID: 7147626650775883975}
  - {fileID: 1893819244939387439}
  - {fileID: 5145744941945898765}
  - {fileID: 8182615292856074364}
  - {fileID: 405671947637072867}
  - {fileID: 9193888759881480503}
  - {fileID: 8889632254528023303}
  - {fileID: 4317433836773224997}
  - {fileID: 8372394200697698618}
  - {fileID: 4474934658069597554}
  - {fileID: 5410569842934868166}
  - {fileID: 3478830579196866528}
  - {fileID: 6160441864839491381}
  - {fileID: 6502597930864191450}
  - {fileID: 5308248415940781148}
  - {fileID: 6803064101314585639}
  - {fileID: 3441736447522040255}
  - {fileID: 3969111666713026581}
  - {fileID: 1426214571207954353}
  - {fileID: 5866469084833702525}
  - {fileID: 1284946263707730639}
  - {fileID: 5792200559574355408}
  - {fileID: 3620303145213917421}
  - {fileID: 957889003806316250}
  - {fileID: 3896160952537017680}
  - {fileID: 2214828339283263946}
  - {fileID: 8109330071218318019}
  - {fileID: 7782311035223735676}
  - {fileID: 3530734626735898516}
  - {fileID: 2406647917002263981}
  - {fileID: 8541449054058656993}
  - {fileID: 7736318598331363931}
  - {fileID: 1283558128891575219}
  - {fileID: 816301261759990673}
  - {fileID: 4566171441748132492}
  - {fileID: 3237664110989032185}
  - {fileID: 1699277747383566504}
  m_BlendShapeWeights: []
  m_RootBone: {fileID: 7022575613081015662}
  m_AABB:
    m_Center: {x: -0.000000059604645, y: -0.09214255, z: 0.026248634}
    m_Extent: {x: 0.52818453, y: 0.88092995, z: 0.22050177}
  m_DirtyAABB: 0
--- !u!1 &4607820807625640998
GameObject:
  m_ObjectHideFlags: 0
  m_CorrespondingSourceObject: {fileID: 0}
  m_PrefabInstance: {fileID: 0}
  m_PrefabAsset: {fileID: 0}
  serializedVersion: 6
  m_Component:
  - component: {fileID: 957889003806316250}
  m_Layer: 0
  m_Name: Right_ThumbProximal
  m_TagString: Untagged
  m_Icon: {fileID: 0}
  m_NavMeshLayer: 0
  m_StaticEditorFlags: 0
  m_IsActive: 1
--- !u!4 &957889003806316250
Transform:
  m_ObjectHideFlags: 0
  m_CorrespondingSourceObject: {fileID: 0}
  m_PrefabInstance: {fileID: 0}
  m_PrefabAsset: {fileID: 0}
  m_GameObject: {fileID: 4607820807625640998}
  m_LocalRotation: {x: -0.22855468, y: 0.9196341, z: 0.31812128, w: 0.028891642}
  m_LocalPosition: {x: 0.00080341793, y: -0.028816395, z: -0.023514695}
  m_LocalScale: {x: 1, y: 1, z: 1}
  m_Children:
  - {fileID: 3896160952537017680}
  m_Father: {fileID: 8889632254528023303}
  m_RootOrder: 4
  m_LocalEulerAnglesHint: {x: 0, y: 0, z: 0}
--- !u!1 &4799960338984189175
GameObject:
  m_ObjectHideFlags: 0
  m_CorrespondingSourceObject: {fileID: 0}
  m_PrefabInstance: {fileID: 0}
  m_PrefabAsset: {fileID: 0}
  serializedVersion: 6
  m_Component:
  - component: {fileID: 6471351877916804784}
  m_Layer: 0
  m_Name: UpperChest
  m_TagString: Untagged
  m_Icon: {fileID: 0}
  m_NavMeshLayer: 0
  m_StaticEditorFlags: 0
  m_IsActive: 1
--- !u!4 &6471351877916804784
Transform:
  m_ObjectHideFlags: 0
  m_CorrespondingSourceObject: {fileID: 0}
  m_PrefabInstance: {fileID: 0}
  m_PrefabAsset: {fileID: 0}
  m_GameObject: {fileID: 4799960338984189175}
  m_LocalRotation: {x: 0, y: -0, z: -0, w: 1}
  m_LocalPosition: {x: -0, y: 0.1034043, z: 0}
  m_LocalScale: {x: 1, y: 1, z: 1}
  m_Children:
  - {fileID: 7331483832260283352}
  - {fileID: 2102232964007807108}
  - {fileID: 8182615292856074364}
  m_Father: {fileID: 2978018969011285948}
  m_RootOrder: 0
  m_LocalEulerAnglesHint: {x: 0, y: 0, z: 0}
--- !u!1 &4859230834164441086
GameObject:
  m_ObjectHideFlags: 0
  m_CorrespondingSourceObject: {fileID: 0}
  m_PrefabInstance: {fileID: 0}
  m_PrefabAsset: {fileID: 0}
  serializedVersion: 6
  m_Component:
  - component: {fileID: 7228990936325923835}
  m_Layer: 0
  m_Name: Left_RingIntermediate
  m_TagString: Untagged
  m_Icon: {fileID: 0}
  m_NavMeshLayer: 0
  m_StaticEditorFlags: 0
  m_IsActive: 1
--- !u!4 &7228990936325923835
Transform:
  m_ObjectHideFlags: 0
  m_CorrespondingSourceObject: {fileID: 0}
  m_PrefabInstance: {fileID: 0}
  m_PrefabAsset: {fileID: 0}
  m_GameObject: {fileID: 4859230834164441086}
  m_LocalRotation: {x: 0.3907906, y: 0, z: -0, w: 0.9204796}
  m_LocalPosition: {x: 3.3750777e-16, y: 0.043630484, z: -1.4210853e-16}
  m_LocalScale: {x: 1, y: 1, z: 1}
  m_Children:
  - {fileID: 551573955023760501}
  m_Father: {fileID: 5916437930966418062}
  m_RootOrder: 0
  m_LocalEulerAnglesHint: {x: 0, y: 0, z: 0}
--- !u!1 &5049303764220411102
GameObject:
  m_ObjectHideFlags: 0
  m_CorrespondingSourceObject: {fileID: 0}
  m_PrefabInstance: {fileID: 0}
  m_PrefabAsset: {fileID: 0}
  serializedVersion: 6
  m_Component:
  - component: {fileID: 8889632254528023303}
  m_Layer: 0
  m_Name: Right_Hand
  m_TagString: Untagged
  m_Icon: {fileID: 0}
  m_NavMeshLayer: 0
  m_StaticEditorFlags: 0
  m_IsActive: 1
--- !u!4 &8889632254528023303
Transform:
  m_ObjectHideFlags: 0
  m_CorrespondingSourceObject: {fileID: 0}
  m_PrefabInstance: {fileID: 0}
  m_PrefabAsset: {fileID: 0}
  m_GameObject: {fileID: 5049303764220411102}
  m_LocalRotation: {x: -0.047397237, y: -0.24003564, z: 0.013464748, w: 0.9695128}
  m_LocalPosition: {x: 0.0000014923929, y: -0.24036367, z: 0.0000017856368}
  m_LocalScale: {x: 1, y: 1, z: 1}
  m_Children:
  - {fileID: 5866469084833702525}
  - {fileID: 6803064101314585639}
  - {fileID: 4317433836773224997}
  - {fileID: 3478830579196866528}
  - {fileID: 957889003806316250}
  m_Father: {fileID: 9193888759881480503}
  m_RootOrder: 0
  m_LocalEulerAnglesHint: {x: 0, y: 0, z: 0}
--- !u!1 &5259595574274059676
GameObject:
  m_ObjectHideFlags: 0
  m_CorrespondingSourceObject: {fileID: 0}
  m_PrefabInstance: {fileID: 0}
  m_PrefabAsset: {fileID: 0}
  serializedVersion: 6
  m_Component:
  - component: {fileID: 5916437930966418062}
  m_Layer: 0
  m_Name: Left_RingProximal
  m_TagString: Untagged
  m_Icon: {fileID: 0}
  m_NavMeshLayer: 0
  m_StaticEditorFlags: 0
  m_IsActive: 1
--- !u!4 &5916437930966418062
Transform:
  m_ObjectHideFlags: 0
  m_CorrespondingSourceObject: {fileID: 0}
  m_PrefabInstance: {fileID: 0}
  m_PrefabAsset: {fileID: 0}
  m_GameObject: {fileID: 5259595574274059676}
  m_LocalRotation: {x: 0.035571583, y: -0.5691555, z: 0.3065858, w: 0.76210356}
  m_LocalPosition: {x: 0.009525569, y: 0.08161553, z: -0.012242405}
  m_LocalScale: {x: 1, y: 1, z: 1}
  m_Children:
  - {fileID: 7228990936325923835}
  m_Father: {fileID: 8328518967805598423}
  m_RootOrder: 3
  m_LocalEulerAnglesHint: {x: 0, y: 0, z: 0}
--- !u!1 &5342013355833674485
GameObject:
  m_ObjectHideFlags: 0
  m_CorrespondingSourceObject: {fileID: 0}
  m_PrefabInstance: {fileID: 0}
  m_PrefabAsset: {fileID: 0}
  serializedVersion: 6
  m_Component:
  - component: {fileID: 8372394200697698618}
  m_Layer: 0
  m_Name: Right_PinkyIntermediate
  m_TagString: Untagged
  m_Icon: {fileID: 0}
  m_NavMeshLayer: 0
  m_StaticEditorFlags: 0
  m_IsActive: 1
--- !u!4 &8372394200697698618
Transform:
  m_ObjectHideFlags: 0
  m_CorrespondingSourceObject: {fileID: 0}
  m_PrefabInstance: {fileID: 0}
  m_PrefabAsset: {fileID: 0}
  m_GameObject: {fileID: 5342013355833674485}
  m_LocalRotation: {x: 0.29918617, y: 0, z: -0, w: 0.9541948}
  m_LocalPosition: {x: 0.00000045734515, y: -0.032268908, z: 0.00000088312623}
  m_LocalScale: {x: 1, y: 1, z: 1}
  m_Children:
  - {fileID: 4474934658069597554}
  m_Father: {fileID: 4317433836773224997}
  m_RootOrder: 0
  m_LocalEulerAnglesHint: {x: 0, y: 0, z: 0}
--- !u!1 &5412148718979000613
GameObject:
  m_ObjectHideFlags: 0
  m_CorrespondingSourceObject: {fileID: 0}
  m_PrefabInstance: {fileID: 0}
  m_PrefabAsset: {fileID: 0}
  serializedVersion: 6
  m_Component:
  - component: {fileID: 4907313487584846336}
  m_Layer: 0
  m_Name: Left_PinkyDistal
  m_TagString: Untagged
  m_Icon: {fileID: 0}
  m_NavMeshLayer: 0
  m_StaticEditorFlags: 0
  m_IsActive: 1
--- !u!4 &4907313487584846336
Transform:
  m_ObjectHideFlags: 0
  m_CorrespondingSourceObject: {fileID: 0}
  m_PrefabInstance: {fileID: 0}
  m_PrefabAsset: {fileID: 0}
  m_GameObject: {fileID: 5412148718979000613}
  m_LocalRotation: {x: 0.14234784, y: 0, z: -0, w: 0.9898167}
  m_LocalPosition: {x: -3.5527133e-17, y: 0.020224448, z: -7.1054265e-17}
  m_LocalScale: {x: 1, y: 1, z: 1}
  m_Children:
  - {fileID: 1742191557989915491}
  m_Father: {fileID: 3268401307588384522}
  m_RootOrder: 0
  m_LocalEulerAnglesHint: {x: 0, y: 0, z: 0}
--- !u!1 &5492624519517051558
GameObject:
  m_ObjectHideFlags: 0
  m_CorrespondingSourceObject: {fileID: 0}
  m_PrefabInstance: {fileID: 0}
  m_PrefabAsset: {fileID: 0}
  serializedVersion: 6
  m_Component:
  - component: {fileID: 8694370499766281592}
  m_Layer: 0
  m_Name: Left_MiddleDistalEnd
  m_TagString: Untagged
  m_Icon: {fileID: 0}
  m_NavMeshLayer: 0
  m_StaticEditorFlags: 0
  m_IsActive: 1
--- !u!4 &8694370499766281592
Transform:
  m_ObjectHideFlags: 0
  m_CorrespondingSourceObject: {fileID: 0}
  m_PrefabInstance: {fileID: 0}
  m_PrefabAsset: {fileID: 0}
  m_GameObject: {fileID: 5492624519517051558}
  m_LocalRotation: {x: 0, y: -0, z: -0, w: 1}
  m_LocalPosition: {x: -1.7763565e-16, y: 0.023346113, z: -7.105426e-17}
  m_LocalScale: {x: 1, y: 1, z: 1}
  m_Children: []
  m_Father: {fileID: 4603092380029342952}
  m_RootOrder: 0
  m_LocalEulerAnglesHint: {x: 0, y: 0, z: 0}
--- !u!1 &5996429799369889120
GameObject:
  m_ObjectHideFlags: 0
  m_CorrespondingSourceObject: {fileID: 0}
  m_PrefabInstance: {fileID: 0}
  m_PrefabAsset: {fileID: 0}
  serializedVersion: 6
  m_Component:
  - component: {fileID: 164671553456380083}
  m_Layer: 0
  m_Name: Neck_Twist_A
  m_TagString: Untagged
  m_Icon: {fileID: 0}
  m_NavMeshLayer: 0
  m_StaticEditorFlags: 0
  m_IsActive: 1
--- !u!4 &164671553456380083
Transform:
  m_ObjectHideFlags: 0
  m_CorrespondingSourceObject: {fileID: 0}
  m_PrefabInstance: {fileID: 0}
  m_PrefabAsset: {fileID: 0}
  m_GameObject: {fileID: 5996429799369889120}
  m_LocalRotation: {x: 0, y: -0, z: -0, w: 1}
  m_LocalPosition: {x: -0, y: 0.063737005, z: 0}
  m_LocalScale: {x: 1, y: 1, z: 1}
  m_Children: []
  m_Father: {fileID: 2102232964007807108}
  m_RootOrder: 1
  m_LocalEulerAnglesHint: {x: 0, y: 0, z: 0}
--- !u!1 &6037207506891832861
GameObject:
  m_ObjectHideFlags: 0
  m_CorrespondingSourceObject: {fileID: 0}
  m_PrefabInstance: {fileID: 0}
  m_PrefabAsset: {fileID: 0}
  serializedVersion: 6
  m_Component:
  - component: {fileID: 7331483832260283352}
  m_Layer: 0
  m_Name: Left_Shoulder
  m_TagString: Untagged
  m_Icon: {fileID: 0}
  m_NavMeshLayer: 0
  m_StaticEditorFlags: 0
  m_IsActive: 1
--- !u!4 &7331483832260283352
Transform:
  m_ObjectHideFlags: 0
  m_CorrespondingSourceObject: {fileID: 0}
  m_PrefabInstance: {fileID: 0}
  m_PrefabAsset: {fileID: 0}
  m_GameObject: {fileID: 6037207506891832861}
  m_LocalRotation: {x: -0.0049494267, y: -0.113521874, z: 0.043275386, w: 0.99258024}
  m_LocalPosition: {x: -0.0009571358, y: 0.19149224, z: -0.0087277945}
  m_LocalScale: {x: 1, y: 1, z: 1}
  m_Children:
  - {fileID: 8850149756507419698}
  m_Father: {fileID: 6471351877916804784}
  m_RootOrder: 0
  m_LocalEulerAnglesHint: {x: 0, y: 0, z: 0}
--- !u!1 &6064100877948538514
GameObject:
  m_ObjectHideFlags: 0
  m_CorrespondingSourceObject: {fileID: 0}
  m_PrefabInstance: {fileID: 0}
  m_PrefabAsset: {fileID: 0}
  serializedVersion: 6
  m_Component:
  - component: {fileID: 2104605194343636371}
  m_Layer: 0
  m_Name: Jaw
  m_TagString: Untagged
  m_Icon: {fileID: 0}
  m_NavMeshLayer: 0
  m_StaticEditorFlags: 0
  m_IsActive: 1
--- !u!4 &2104605194343636371
Transform:
  m_ObjectHideFlags: 0
  m_CorrespondingSourceObject: {fileID: 0}
  m_PrefabInstance: {fileID: 0}
  m_PrefabAsset: {fileID: 0}
  m_GameObject: {fileID: 6064100877948538514}
  m_LocalRotation: {x: 0.15949209, y: 0.68888485, z: 0.15949209, w: 0.68888485}
  m_LocalPosition: {x: -0, y: -0.00763539, z: 0.012895278}
  m_LocalScale: {x: 1, y: 1, z: 1}
  m_Children: []
  m_Father: {fileID: 6848001309606814017}
  m_RootOrder: 0
  m_LocalEulerAnglesHint: {x: 0, y: 0, z: 0}
--- !u!1 &6096399865905554954
GameObject:
  m_ObjectHideFlags: 0
  m_CorrespondingSourceObject: {fileID: 0}
  m_PrefabInstance: {fileID: 0}
  m_PrefabAsset: {fileID: 0}
  serializedVersion: 6
  m_Component:
  - component: {fileID: 2214828339283263946}
  m_Layer: 0
  m_Name: Right_ThumbDistal
  m_TagString: Untagged
  m_Icon: {fileID: 0}
  m_NavMeshLayer: 0
  m_StaticEditorFlags: 0
  m_IsActive: 1
--- !u!4 &2214828339283263946
Transform:
  m_ObjectHideFlags: 0
  m_CorrespondingSourceObject: {fileID: 0}
  m_PrefabInstance: {fileID: 0}
  m_PrefabAsset: {fileID: 0}
  m_GameObject: {fileID: 6096399865905554954}
  m_LocalRotation: {x: 0.17147453, y: 0, z: -0, w: 0.98518854}
  m_LocalPosition: {x: 0.0000007817755, y: -0.044594634, z: 0.0068707783}
  m_LocalScale: {x: 1, y: 1, z: 1}
  m_Children:
  - {fileID: 8109330071218318019}
  m_Father: {fileID: 3896160952537017680}
  m_RootOrder: 0
  m_LocalEulerAnglesHint: {x: 0, y: 0, z: 0}
--- !u!1 &6134554602330846094
GameObject:
  m_ObjectHideFlags: 0
  m_CorrespondingSourceObject: {fileID: 0}
  m_PrefabInstance: {fileID: 0}
  m_PrefabAsset: {fileID: 0}
  serializedVersion: 6
  m_Component:
  - component: {fileID: 5308248415940781148}
  m_Layer: 0
  m_Name: Right_RingDistalEnd
  m_TagString: Untagged
  m_Icon: {fileID: 0}
  m_NavMeshLayer: 0
  m_StaticEditorFlags: 0
  m_IsActive: 1
--- !u!4 &5308248415940781148
Transform:
  m_ObjectHideFlags: 0
  m_CorrespondingSourceObject: {fileID: 0}
  m_PrefabInstance: {fileID: 0}
  m_PrefabAsset: {fileID: 0}
  m_GameObject: {fileID: 6134554602330846094}
  m_LocalRotation: {x: 9.02056e-17, y: -0, z: -0, w: 1}
  m_LocalPosition: {x: 0.00000008856214, y: -0.020957856, z: 0.0000005565459}
  m_LocalScale: {x: 1, y: 1, z: 1}
  m_Children: []
  m_Father: {fileID: 6502597930864191450}
  m_RootOrder: 0
  m_LocalEulerAnglesHint: {x: 0, y: 0, z: 0}
--- !u!1 &6214912901359589007
GameObject:
  m_ObjectHideFlags: 0
  m_CorrespondingSourceObject: {fileID: 0}
  m_PrefabInstance: {fileID: 0}
  m_PrefabAsset: {fileID: 0}
  serializedVersion: 6
  m_Component:
  - component: {fileID: 7782311035223735676}
  m_Layer: 0
  m_Name: Left_UpperLeg
  m_TagString: Untagged
  m_Icon: {fileID: 0}
  m_NavMeshLayer: 0
  m_StaticEditorFlags: 0
  m_IsActive: 1
--- !u!4 &7782311035223735676
Transform:
  m_ObjectHideFlags: 0
  m_CorrespondingSourceObject: {fileID: 0}
  m_PrefabInstance: {fileID: 0}
  m_PrefabAsset: {fileID: 0}
  m_GameObject: {fileID: 6214912901359589007}
  m_LocalRotation: {x: 0.999839, y: -0.01775374, z: 0.00004630041, w: -0.0026075041}
  m_LocalPosition: {x: -0.08610317, y: -0.053458035, z: -0.011470641}
  m_LocalScale: {x: 1, y: 1, z: 1}
  m_Children:
  - {fileID: 3530734626735898516}
  m_Father: {fileID: 7022575613081015662}
  m_RootOrder: 0
  m_LocalEulerAnglesHint: {x: 0, y: 0, z: 0}
--- !u!1 &6295273838139243420
GameObject:
  m_ObjectHideFlags: 0
  m_CorrespondingSourceObject: {fileID: 0}
  m_PrefabInstance: {fileID: 0}
  m_PrefabAsset: {fileID: 0}
  serializedVersion: 6
  m_Component:
  - component: {fileID: 8541449054058656993}
  m_Layer: 0
  m_Name: Left_Toes
  m_TagString: Untagged
  m_Icon: {fileID: 0}
  m_NavMeshLayer: 0
  m_StaticEditorFlags: 0
  m_IsActive: 1
--- !u!4 &8541449054058656993
Transform:
  m_ObjectHideFlags: 0
  m_CorrespondingSourceObject: {fileID: 0}
  m_PrefabInstance: {fileID: 0}
  m_PrefabAsset: {fileID: 0}
  m_GameObject: {fileID: 6295273838139243420}
  m_LocalRotation: {x: -0.7071068, y: 0, z: -0, w: 0.7071068}
  m_LocalPosition: {x: 7.105427e-17, y: 0.07224803, z: -0.118065506}
  m_LocalScale: {x: 1, y: 1, z: 1}
  m_Children:
  - {fileID: 7736318598331363931}
  m_Father: {fileID: 2406647917002263981}
  m_RootOrder: 0
  m_LocalEulerAnglesHint: {x: 0, y: 0, z: 0}
--- !u!1 &6342881123488193260
GameObject:
  m_ObjectHideFlags: 0
  m_CorrespondingSourceObject: {fileID: 0}
  m_PrefabInstance: {fileID: 0}
  m_PrefabAsset: {fileID: 0}
  serializedVersion: 6
  m_Component:
  - component: {fileID: 1709754014013538415}
  m_Layer: 0
  m_Name: Left_IndexIntermediate
  m_TagString: Untagged
  m_Icon: {fileID: 0}
  m_NavMeshLayer: 0
  m_StaticEditorFlags: 0
  m_IsActive: 1
--- !u!4 &1709754014013538415
Transform:
  m_ObjectHideFlags: 0
  m_CorrespondingSourceObject: {fileID: 0}
  m_PrefabInstance: {fileID: 0}
  m_PrefabAsset: {fileID: 0}
  m_GameObject: {fileID: 6342881123488193260}
  m_LocalRotation: {x: 0.26077324, y: 0, z: -0, w: 0.9654001}
  m_LocalPosition: {x: 9.079803e-16, y: 0.04209777, z: 3.2607592e-16}
  m_LocalScale: {x: 1, y: 1, z: 1}
  m_Children:
  - {fileID: 7365691573302350280}
  m_Father: {fileID: 3985803885334383519}
  m_RootOrder: 0
  m_LocalEulerAnglesHint: {x: 0, y: 0, z: 0}
--- !u!1 &6471990365418089983
GameObject:
  m_ObjectHideFlags: 0
  m_CorrespondingSourceObject: {fileID: 0}
  m_PrefabInstance: {fileID: 0}
  m_PrefabAsset: {fileID: 0}
  serializedVersion: 6
  m_Component:
  - component: {fileID: 7365691573302350280}
  m_Layer: 0
  m_Name: Left_IndexDistal
  m_TagString: Untagged
  m_Icon: {fileID: 0}
  m_NavMeshLayer: 0
  m_StaticEditorFlags: 0
  m_IsActive: 1
--- !u!4 &7365691573302350280
Transform:
  m_ObjectHideFlags: 0
  m_CorrespondingSourceObject: {fileID: 0}
  m_PrefabInstance: {fileID: 0}
  m_PrefabAsset: {fileID: 0}
  m_GameObject: {fileID: 6471990365418089983}
  m_LocalRotation: {x: 0.08318636, y: 0, z: -0, w: 0.996534}
  m_LocalPosition: {x: -8.20111e-16, y: 0.02513925, z: -4.317065e-16}
  m_LocalScale: {x: 1, y: 1, z: 1}
  m_Children:
  - {fileID: 1200334473089938404}
  m_Father: {fileID: 1709754014013538415}
  m_RootOrder: 0
  m_LocalEulerAnglesHint: {x: 0, y: 0, z: 0}
--- !u!1 &6820136863342392481
GameObject:
  m_ObjectHideFlags: 0
  m_CorrespondingSourceObject: {fileID: 0}
  m_PrefabInstance: {fileID: 0}
  m_PrefabAsset: {fileID: 0}
  serializedVersion: 6
  m_Component:
  - component: {fileID: 1089883768593785158}
  m_Layer: 0
  m_Name: Skeleton
  m_TagString: Untagged
  m_Icon: {fileID: 0}
  m_NavMeshLayer: 0
  m_StaticEditorFlags: 0
  m_IsActive: 1
--- !u!4 &1089883768593785158
Transform:
  m_ObjectHideFlags: 0
  m_CorrespondingSourceObject: {fileID: 0}
  m_PrefabInstance: {fileID: 0}
  m_PrefabAsset: {fileID: 0}
  m_GameObject: {fileID: 6820136863342392481}
  m_LocalRotation: {x: 0, y: -0, z: -0, w: 1}
  m_LocalPosition: {x: -0, y: 0, z: 0}
  m_LocalScale: {x: 1, y: 1, z: 1}
  m_Children:
  - {fileID: 7022575613081015662}
  m_Father: {fileID: 2110711785256394664}
  m_RootOrder: 1
  m_LocalEulerAnglesHint: {x: 0, y: 0, z: 0}
--- !u!1 &6941406739300227254
GameObject:
  m_ObjectHideFlags: 0
  m_CorrespondingSourceObject: {fileID: 0}
  m_PrefabInstance: {fileID: 0}
  m_PrefabAsset: {fileID: 0}
  serializedVersion: 6
  m_Component:
  - component: {fileID: 8016372067772540638}
  m_Layer: 0
  m_Name: Left_ThumbProximal
  m_TagString: Untagged
  m_Icon: {fileID: 0}
  m_NavMeshLayer: 0
  m_StaticEditorFlags: 0
  m_IsActive: 1
--- !u!4 &8016372067772540638
Transform:
  m_ObjectHideFlags: 0
  m_CorrespondingSourceObject: {fileID: 0}
  m_PrefabInstance: {fileID: 0}
  m_PrefabAsset: {fileID: 0}
  m_GameObject: {fileID: 6941406739300227254}
  m_LocalRotation: {x: -0.22855468, y: 0.9196341, z: 0.31812128, w: 0.028891642}
  m_LocalPosition: {x: -0.00080496486, y: 0.028816883, z: 0.023514476}
  m_LocalScale: {x: 1, y: 1, z: 1}
  m_Children:
  - {fileID: 7147626650775883975}
  m_Father: {fileID: 8328518967805598423}
  m_RootOrder: 4
  m_LocalEulerAnglesHint: {x: 0, y: 0, z: 0}
--- !u!1 &7173597395316484100
GameObject:
  m_ObjectHideFlags: 0
  m_CorrespondingSourceObject: {fileID: 0}
  m_PrefabInstance: {fileID: 0}
  m_PrefabAsset: {fileID: 0}
  serializedVersion: 6
  m_Component:
  - component: {fileID: 3969111666713026581}
  m_Layer: 0
  m_Name: Right_MiddleDistal
  m_TagString: Untagged
  m_Icon: {fileID: 0}
  m_NavMeshLayer: 0
  m_StaticEditorFlags: 0
  m_IsActive: 1
--- !u!4 &3969111666713026581
Transform:
  m_ObjectHideFlags: 0
  m_CorrespondingSourceObject: {fileID: 0}
  m_PrefabInstance: {fileID: 0}
  m_PrefabAsset: {fileID: 0}
  m_GameObject: {fileID: 7173597395316484100}
  m_LocalRotation: {x: 0.03347514, y: 0, z: -0, w: 0.9994396}
  m_LocalPosition: {x: 0.00000014287376, y: -0.028283618, z: 0.00000019378916}
  m_LocalScale: {x: 1, y: 1, z: 1}
  m_Children:
  - {fileID: 1426214571207954353}
  m_Father: {fileID: 3441736447522040255}
  m_RootOrder: 0
  m_LocalEulerAnglesHint: {x: 0, y: 0, z: 0}
--- !u!1 &7193827008007425206
GameObject:
  m_ObjectHideFlags: 0
  m_CorrespondingSourceObject: {fileID: 0}
  m_PrefabInstance: {fileID: 0}
  m_PrefabAsset: {fileID: 0}
  serializedVersion: 6
  m_Component:
  - component: {fileID: 3530734626735898516}
  m_Layer: 0
  m_Name: Left_LowerLeg
  m_TagString: Untagged
  m_Icon: {fileID: 0}
  m_NavMeshLayer: 0
  m_StaticEditorFlags: 0
  m_IsActive: 1
--- !u!4 &3530734626735898516
Transform:
  m_ObjectHideFlags: 0
  m_CorrespondingSourceObject: {fileID: 0}
  m_PrefabInstance: {fileID: 0}
  m_PrefabAsset: {fileID: 0}
  m_GameObject: {fileID: 7193827008007425206}
  m_LocalRotation: {x: 0.034046065, y: 2.2687323e-19, z: 7.7286215e-21, w: 0.9994203}
  m_LocalPosition: {x: -2.9864513e-16, y: 0.4133444, z: -5.4956034e-17}
  m_LocalScale: {x: 1, y: 1, z: 1}
  m_Children:
  - {fileID: 2406647917002263981}
  m_Father: {fileID: 7782311035223735676}
  m_RootOrder: 0
  m_LocalEulerAnglesHint: {x: 0, y: 0, z: 0}
--- !u!1 &7444101250571324295
GameObject:
  m_ObjectHideFlags: 0
  m_CorrespondingSourceObject: {fileID: 0}
  m_PrefabInstance: {fileID: 0}
  m_PrefabAsset: {fileID: 0}
  serializedVersion: 6
  m_Component:
  - component: {fileID: 3120637890360653841}
  m_Layer: 0
  m_Name: Left_LowerArm
  m_TagString: Untagged
  m_Icon: {fileID: 0}
  m_NavMeshLayer: 0
  m_StaticEditorFlags: 0
  m_IsActive: 1
--- !u!4 &3120637890360653841
Transform:
  m_ObjectHideFlags: 0
  m_CorrespondingSourceObject: {fileID: 0}
  m_PrefabInstance: {fileID: 0}
  m_PrefabAsset: {fileID: 0}
  m_GameObject: {fileID: 7444101250571324295}
  m_LocalRotation: {x: 0.37416065, y: -8.0436e-17, z: -3.2453263e-17, w: 0.92736393}
  m_LocalPosition: {x: -2.8421706e-16, y: 0.28508067, z: 0}
  m_LocalScale: {x: 1, y: 1, z: 1}
  m_Children:
  - {fileID: 8328518967805598423}
  m_Father: {fileID: 8850149756507419698}
  m_RootOrder: 0
  m_LocalEulerAnglesHint: {x: 0, y: 0, z: 0}
--- !u!1 &7698708111854613860
GameObject:
  m_ObjectHideFlags: 0
  m_CorrespondingSourceObject: {fileID: 0}
  m_PrefabInstance: {fileID: 0}
  m_PrefabAsset: {fileID: 0}
  serializedVersion: 6
  m_Component:
  - component: {fileID: 9193888759881480503}
  m_Layer: 0
  m_Name: Right_LowerArm
  m_TagString: Untagged
  m_Icon: {fileID: 0}
  m_NavMeshLayer: 0
  m_StaticEditorFlags: 0
  m_IsActive: 1
--- !u!4 &9193888759881480503
Transform:
  m_ObjectHideFlags: 0
  m_CorrespondingSourceObject: {fileID: 0}
  m_PrefabInstance: {fileID: 0}
  m_PrefabAsset: {fileID: 0}
  m_GameObject: {fileID: 7698708111854613860}
  m_LocalRotation: {x: 0.37416065, y: -8.0436e-17, z: -3.2453263e-17, w: 0.92736393}
  m_LocalPosition: {x: 0.0000037273983, y: -0.285085, z: -0.00000035927226}
  m_LocalScale: {x: 1, y: 1, z: 1}
  m_Children:
  - {fileID: 8889632254528023303}
  m_Father: {fileID: 405671947637072867}
  m_RootOrder: 0
  m_LocalEulerAnglesHint: {x: 0, y: 0, z: 0}
--- !u!1 &7728410227342930603
GameObject:
  m_ObjectHideFlags: 0
  m_CorrespondingSourceObject: {fileID: 0}
  m_PrefabInstance: {fileID: 0}
  m_PrefabAsset: {fileID: 0}
  serializedVersion: 6
  m_Component:
  - component: {fileID: 4474934658069597554}
  m_Layer: 0
  m_Name: Right_PinkyDistal
  m_TagString: Untagged
  m_Icon: {fileID: 0}
  m_NavMeshLayer: 0
  m_StaticEditorFlags: 0
  m_IsActive: 1
--- !u!4 &4474934658069597554
Transform:
  m_ObjectHideFlags: 0
  m_CorrespondingSourceObject: {fileID: 0}
  m_PrefabInstance: {fileID: 0}
  m_PrefabAsset: {fileID: 0}
  m_GameObject: {fileID: 7728410227342930603}
  m_LocalRotation: {x: 0.14234784, y: 0, z: -0, w: 0.9898167}
  m_LocalPosition: {x: 0.00000023899057, y: -0.02022493, z: 0.00000055474345}
  m_LocalScale: {x: 1, y: 1, z: 1}
  m_Children:
  - {fileID: 5410569842934868166}
  m_Father: {fileID: 8372394200697698618}
  m_RootOrder: 0
  m_LocalEulerAnglesHint: {x: 0, y: 0, z: 0}
--- !u!1 &7790593421435122717
GameObject:
  m_ObjectHideFlags: 0
  m_CorrespondingSourceObject: {fileID: 0}
  m_PrefabInstance: {fileID: 0}
  m_PrefabAsset: {fileID: 0}
  serializedVersion: 6
  m_Component:
  - component: {fileID: 3620303145213917421}
  m_Layer: 0
  m_Name: Right_IndexDistalEnd
  m_TagString: Untagged
  m_Icon: {fileID: 0}
  m_NavMeshLayer: 0
  m_StaticEditorFlags: 0
  m_IsActive: 1
--- !u!4 &3620303145213917421
Transform:
  m_ObjectHideFlags: 0
  m_CorrespondingSourceObject: {fileID: 0}
  m_PrefabInstance: {fileID: 0}
  m_PrefabAsset: {fileID: 0}
  m_GameObject: {fileID: 7790593421435122717}
  m_LocalRotation: {x: -5.5511138e-17, y: 0, z: -0, w: 1}
  m_LocalPosition: {x: 0.00000023984484, y: -0.024609355, z: 0.0000006271131}
  m_LocalScale: {x: 1, y: 1, z: 1}
  m_Children: []
  m_Father: {fileID: 5792200559574355408}
  m_RootOrder: 0
  m_LocalEulerAnglesHint: {x: 0, y: 0, z: 0}
--- !u!1 &7879389367459046062
GameObject:
  m_ObjectHideFlags: 0
  m_CorrespondingSourceObject: {fileID: 0}
  m_PrefabInstance: {fileID: 0}
  m_PrefabAsset: {fileID: 0}
  serializedVersion: 6
  m_Component:
  - component: {fileID: 3441736447522040255}
  m_Layer: 0
  m_Name: Right_MiddleIntermediate
  m_TagString: Untagged
  m_Icon: {fileID: 0}
  m_NavMeshLayer: 0
  m_StaticEditorFlags: 0
  m_IsActive: 1
--- !u!4 &3441736447522040255
Transform:
  m_ObjectHideFlags: 0
  m_CorrespondingSourceObject: {fileID: 0}
  m_PrefabInstance: {fileID: 0}
  m_PrefabAsset: {fileID: 0}
  m_GameObject: {fileID: 7879389367459046062}
  m_LocalRotation: {x: 0.3409832, y: 0, z: -0, w: 0.94006944}
  m_LocalPosition: {x: 0.000000014272595, y: -0.051275954, z: 0.0000009747695}
  m_LocalScale: {x: 1, y: 1, z: 1}
  m_Children:
  - {fileID: 3969111666713026581}
  m_Father: {fileID: 6803064101314585639}
  m_RootOrder: 0
  m_LocalEulerAnglesHint: {x: 0, y: 0, z: 0}
--- !u!1 &7922661084940282163
GameObject:
  m_ObjectHideFlags: 0
  m_CorrespondingSourceObject: {fileID: 0}
  m_PrefabInstance: {fileID: 0}
  m_PrefabAsset: {fileID: 0}
  serializedVersion: 6
  m_Component:
  - component: {fileID: 4603092380029342952}
  m_Layer: 0
  m_Name: Left_MiddleDistal
  m_TagString: Untagged
  m_Icon: {fileID: 0}
  m_NavMeshLayer: 0
  m_StaticEditorFlags: 0
  m_IsActive: 1
--- !u!4 &4603092380029342952
Transform:
  m_ObjectHideFlags: 0
  m_CorrespondingSourceObject: {fileID: 0}
  m_PrefabInstance: {fileID: 0}
  m_PrefabAsset: {fileID: 0}
  m_GameObject: {fileID: 7922661084940282163}
  m_LocalRotation: {x: 0.03347514, y: 0, z: -0, w: 0.9994396}
  m_LocalPosition: {x: -7.199101e-17, y: 0.028284006, z: -4.93648e-17}
  m_LocalScale: {x: 1, y: 1, z: 1}
  m_Children:
  - {fileID: 8694370499766281592}
  m_Father: {fileID: 2365604518407675300}
  m_RootOrder: 0
  m_LocalEulerAnglesHint: {x: 0, y: 0, z: 0}
--- !u!1 &7950802696757200794
GameObject:
  m_ObjectHideFlags: 0
  m_CorrespondingSourceObject: {fileID: 0}
  m_PrefabInstance: {fileID: 0}
  m_PrefabAsset: {fileID: 0}
  serializedVersion: 6
  m_Component:
  - component: {fileID: 551573955023760501}
  m_Layer: 0
  m_Name: Left_RingDistal
  m_TagString: Untagged
  m_Icon: {fileID: 0}
  m_NavMeshLayer: 0
  m_StaticEditorFlags: 0
  m_IsActive: 1
--- !u!4 &551573955023760501
Transform:
  m_ObjectHideFlags: 0
  m_CorrespondingSourceObject: {fileID: 0}
  m_PrefabInstance: {fileID: 0}
  m_PrefabAsset: {fileID: 0}
  m_GameObject: {fileID: 7950802696757200794}
  m_LocalRotation: {x: 0.09052901, y: 0, z: -0, w: 0.99589384}
  m_LocalPosition: {x: 1.7763566e-17, y: 0.027115494, z: -1.065814e-16}
  m_LocalScale: {x: 1, y: 1, z: 1}
  m_Children:
  - {fileID: 7225540813857109709}
  m_Father: {fileID: 7228990936325923835}
  m_RootOrder: 0
  m_LocalEulerAnglesHint: {x: 0, y: 0, z: 0}
--- !u!1 &7999969887801070845
GameObject:
  m_ObjectHideFlags: 0
  m_CorrespondingSourceObject: {fileID: 0}
  m_PrefabInstance: {fileID: 0}
  m_PrefabAsset: {fileID: 0}
  serializedVersion: 6
  m_Component:
  - component: {fileID: 5866469084833702525}
  m_Layer: 0
  m_Name: Right_IndexProximal
  m_TagString: Untagged
  m_Icon: {fileID: 0}
  m_NavMeshLayer: 0
  m_StaticEditorFlags: 0
  m_IsActive: 1
--- !u!4 &5866469084833702525
Transform:
  m_ObjectHideFlags: 0
  m_CorrespondingSourceObject: {fileID: 0}
  m_PrefabInstance: {fileID: 0}
  m_PrefabAsset: {fileID: 0}
  m_GameObject: {fileID: 7999969887801070845}
  m_LocalRotation: {x: 0.13385333, y: -0.6899348, z: 0.20177369, w: 0.6821735}
  m_LocalPosition: {x: -0.0078223245, y: -0.0918393, z: -0.026574574}
  m_LocalScale: {x: 1, y: 1, z: 1}
  m_Children:
  - {fileID: 1284946263707730639}
  m_Father: {fileID: 8889632254528023303}
  m_RootOrder: 0
  m_LocalEulerAnglesHint: {x: 0, y: 0, z: 0}
--- !u!1 &8104207609173883283
GameObject:
  m_ObjectHideFlags: 0
  m_CorrespondingSourceObject: {fileID: 0}
  m_PrefabInstance: {fileID: 0}
  m_PrefabAsset: {fileID: 0}
  serializedVersion: 6
  m_Component:
  - component: {fileID: 3985803885334383519}
  m_Layer: 0
  m_Name: Left_IndexProximal
  m_TagString: Untagged
  m_Icon: {fileID: 0}
  m_NavMeshLayer: 0
  m_StaticEditorFlags: 0
  m_IsActive: 1
--- !u!4 &3985803885334383519
Transform:
  m_ObjectHideFlags: 0
  m_CorrespondingSourceObject: {fileID: 0}
  m_PrefabInstance: {fileID: 0}
  m_PrefabAsset: {fileID: 0}
  m_GameObject: {fileID: 8104207609173883283}
  m_LocalRotation: {x: 0.13385333, y: -0.6899348, z: 0.20177369, w: 0.6821735}
  m_LocalPosition: {x: 0.007815497, y: 0.0918443, z: 0.02657316}
  m_LocalScale: {x: 1, y: 1, z: 1}
  m_Children:
  - {fileID: 1709754014013538415}
  m_Father: {fileID: 8328518967805598423}
  m_RootOrder: 0
  m_LocalEulerAnglesHint: {x: 0, y: 0, z: 0}
--- !u!1 &8189662629337475474
GameObject:
  m_ObjectHideFlags: 0
  m_CorrespondingSourceObject: {fileID: 0}
  m_PrefabInstance: {fileID: 0}
  m_PrefabAsset: {fileID: 0}
  serializedVersion: 6
  m_Component:
  - component: {fileID: 8328518967805598423}
  m_Layer: 0
  m_Name: Left_Hand
  m_TagString: Untagged
  m_Icon: {fileID: 0}
  m_NavMeshLayer: 0
  m_StaticEditorFlags: 0
  m_IsActive: 1
--- !u!4 &8328518967805598423
Transform:
  m_ObjectHideFlags: 0
  m_CorrespondingSourceObject: {fileID: 0}
  m_PrefabInstance: {fileID: 0}
  m_PrefabAsset: {fileID: 0}
  m_GameObject: {fileID: 8189662629337475474}
  m_LocalRotation: {x: -0.047397237, y: -0.24003564, z: 0.013464748, w: 0.9695128}
  m_LocalPosition: {x: -2.4123817e-10, y: 0.24036221, z: -1.4210853e-16}
  m_LocalScale: {x: 1, y: 1, z: 1}
  m_Children:
  - {fileID: 3985803885334383519}
  - {fileID: 4607187269639334002}
  - {fileID: 5683455985109745787}
  - {fileID: 5916437930966418062}
  - {fileID: 8016372067772540638}
  m_Father: {fileID: 3120637890360653841}
  m_RootOrder: 0
  m_LocalEulerAnglesHint: {x: 0, y: 0, z: 0}
--- !u!1 &8210295364206380403
GameObject:
  m_ObjectHideFlags: 0
  m_CorrespondingSourceObject: {fileID: 0}
  m_PrefabInstance: {fileID: 0}
  m_PrefabAsset: {fileID: 0}
  serializedVersion: 6
  m_Component:
  - component: {fileID: 1699277747383566504}
  m_Layer: 0
  m_Name: Right_ToesEnd
  m_TagString: Untagged
  m_Icon: {fileID: 0}
  m_NavMeshLayer: 0
  m_StaticEditorFlags: 0
  m_IsActive: 1
--- !u!4 &1699277747383566504
Transform:
  m_ObjectHideFlags: 0
  m_CorrespondingSourceObject: {fileID: 0}
  m_PrefabInstance: {fileID: 0}
  m_PrefabAsset: {fileID: 0}
  m_GameObject: {fileID: 8210295364206380403}
  m_LocalRotation: {x: 0.7070656, y: -0.0076321815, z: -0.0076321815, w: 0.7070656}
  m_LocalPosition: {x: 0.0010031584, y: -0.06423059, z: -0.016843898}
  m_LocalScale: {x: 1, y: 1, z: 1}
  m_Children: []
  m_Father: {fileID: 3237664110989032185}
  m_RootOrder: 0
  m_LocalEulerAnglesHint: {x: 0, y: 0, z: 0}
--- !u!1 &8224217674162431892
GameObject:
  m_ObjectHideFlags: 0
  m_CorrespondingSourceObject: {fileID: 0}
  m_PrefabInstance: {fileID: 0}
  m_PrefabAsset: {fileID: 0}
  serializedVersion: 6
  m_Component:
  - component: {fileID: 6160441864839491381}
  m_Layer: 0
  m_Name: Right_RingIntermediate
  m_TagString: Untagged
  m_Icon: {fileID: 0}
  m_NavMeshLayer: 0
  m_StaticEditorFlags: 0
  m_IsActive: 1
--- !u!4 &6160441864839491381
Transform:
  m_ObjectHideFlags: 0
  m_CorrespondingSourceObject: {fileID: 0}
  m_PrefabInstance: {fileID: 0}
  m_PrefabAsset: {fileID: 0}
  m_GameObject: {fileID: 8224217674162431892}
  m_LocalRotation: {x: 0.3907906, y: 0, z: -0, w: 0.9204796}
  m_LocalPosition: {x: 0.0000000695935, y: -0.04362872, z: 0.00000080048335}
  m_LocalScale: {x: 1, y: 1, z: 1}
  m_Children:
  - {fileID: 6502597930864191450}
  m_Father: {fileID: 3478830579196866528}
  m_RootOrder: 0
  m_LocalEulerAnglesHint: {x: 0, y: 0, z: 0}
--- !u!1 &8263258112770245817
GameObject:
  m_ObjectHideFlags: 0
  m_CorrespondingSourceObject: {fileID: 0}
  m_PrefabInstance: {fileID: 0}
  m_PrefabAsset: {fileID: 0}
  serializedVersion: 6
  m_Component:
  - component: {fileID: 816301261759990673}
  m_Layer: 0
  m_Name: Right_LowerLeg
  m_TagString: Untagged
  m_Icon: {fileID: 0}
  m_NavMeshLayer: 0
  m_StaticEditorFlags: 0
  m_IsActive: 1
--- !u!4 &816301261759990673
Transform:
  m_ObjectHideFlags: 0
  m_CorrespondingSourceObject: {fileID: 0}
  m_PrefabInstance: {fileID: 0}
  m_PrefabAsset: {fileID: 0}
  m_GameObject: {fileID: 8263258112770245817}
  m_LocalRotation: {x: 0.034046065, y: 2.2687323e-19, z: 7.7286215e-21, w: 0.9994203}
  m_LocalPosition: {x: 0.0000004514609, y: -0.41334414, z: 0.000000025994435}
  m_LocalScale: {x: 1, y: 1, z: 1}
  m_Children:
  - {fileID: 4566171441748132492}
  m_Father: {fileID: 1283558128891575219}
  m_RootOrder: 0
  m_LocalEulerAnglesHint: {x: 0, y: 0, z: 0}
--- !u!1 &8272881913182231593
GameObject:
  m_ObjectHideFlags: 0
  m_CorrespondingSourceObject: {fileID: 0}
  m_PrefabInstance: {fileID: 0}
  m_PrefabAsset: {fileID: 0}
  serializedVersion: 6
  m_Component:
  - component: {fileID: 6502597930864191450}
  m_Layer: 0
  m_Name: Right_RingDistal
  m_TagString: Untagged
  m_Icon: {fileID: 0}
  m_NavMeshLayer: 0
  m_StaticEditorFlags: 0
  m_IsActive: 1
--- !u!4 &6502597930864191450
Transform:
  m_ObjectHideFlags: 0
  m_CorrespondingSourceObject: {fileID: 0}
  m_PrefabInstance: {fileID: 0}
  m_PrefabAsset: {fileID: 0}
  m_GameObject: {fileID: 8272881913182231593}
  m_LocalRotation: {x: 0.09052901, y: 0, z: -0, w: 0.99589384}
  m_LocalPosition: {x: -0.000000290747, y: -0.02711462, z: 0.0000000181098}
  m_LocalScale: {x: 1, y: 1, z: 1}
  m_Children:
  - {fileID: 5308248415940781148}
  m_Father: {fileID: 6160441864839491381}
  m_RootOrder: 0
  m_LocalEulerAnglesHint: {x: 0, y: 0, z: 0}
--- !u!1 &8536652939543744561
GameObject:
  m_ObjectHideFlags: 0
  m_CorrespondingSourceObject: {fileID: 0}
  m_PrefabInstance: {fileID: 0}
  m_PrefabAsset: {fileID: 0}
  serializedVersion: 6
  m_Component:
  - component: {fileID: 2807136993865242196}
  m_Layer: 0
  m_Name: Left_Eye
  m_TagString: Untagged
  m_Icon: {fileID: 0}
  m_NavMeshLayer: 0
  m_StaticEditorFlags: 0
  m_IsActive: 1
--- !u!4 &2807136993865242196
Transform:
  m_ObjectHideFlags: 0
  m_CorrespondingSourceObject: {fileID: 0}
  m_PrefabInstance: {fileID: 0}
  m_PrefabAsset: {fileID: 0}
  m_GameObject: {fileID: 8536652939543744561}
  m_LocalRotation: {x: -0, y: 0.7071068, z: 0, w: 0.7071068}
  m_LocalPosition: {x: -0.03330326, y: 0.034598116, z: 0.0867403}
  m_LocalScale: {x: 1, y: 1, z: 1}
  m_Children: []
  m_Father: {fileID: 6848001309606814017}
  m_RootOrder: 1
  m_LocalEulerAnglesHint: {x: 0, y: 0, z: 0}
--- !u!1 &8598686338281219066
GameObject:
  m_ObjectHideFlags: 0
  m_CorrespondingSourceObject: {fileID: 0}
  m_PrefabInstance: {fileID: 0}
  m_PrefabAsset: {fileID: 0}
  serializedVersion: 6
  m_Component:
  - component: {fileID: 8182615292856074364}
  m_Layer: 0
  m_Name: Right_Shoulder
  m_TagString: Untagged
  m_Icon: {fileID: 0}
  m_NavMeshLayer: 0
  m_StaticEditorFlags: 0
  m_IsActive: 1
--- !u!4 &8182615292856074364
Transform:
  m_ObjectHideFlags: 0
  m_CorrespondingSourceObject: {fileID: 0}
  m_PrefabInstance: {fileID: 0}
  m_PrefabAsset: {fileID: 0}
  m_GameObject: {fileID: 8598686338281219066}
  m_LocalRotation: {x: 0.99258024, y: -0.043275386, z: -0.113521874, w: 0.0049494267}
  m_LocalPosition: {x: 0.0009571358, y: 0.19149381, z: -0.008727803}
  m_LocalScale: {x: 1, y: 1, z: 1}
  m_Children:
  - {fileID: 405671947637072867}
  m_Father: {fileID: 6471351877916804784}
  m_RootOrder: 2
  m_LocalEulerAnglesHint: {x: 0, y: 0, z: 0}
--- !u!1 &9167235659256308674
GameObject:
  m_ObjectHideFlags: 0
  m_CorrespondingSourceObject: {fileID: 0}
  m_PrefabInstance: {fileID: 0}
  m_PrefabAsset: {fileID: 0}
  serializedVersion: 6
  m_Component:
  - component: {fileID: 5660124338637101231}
  m_Layer: 0
  m_Name: Right_Eye
  m_TagString: Untagged
  m_Icon: {fileID: 0}
  m_NavMeshLayer: 0
  m_StaticEditorFlags: 0
  m_IsActive: 1
--- !u!4 &5660124338637101231
Transform:
  m_ObjectHideFlags: 0
  m_CorrespondingSourceObject: {fileID: 0}
  m_PrefabInstance: {fileID: 0}
  m_PrefabAsset: {fileID: 0}
  m_GameObject: {fileID: 9167235659256308674}
  m_LocalRotation: {x: 0.7071068, y: 8.2834407e-16, z: 0.7071068, w: -8.2834407e-16}
  m_LocalPosition: {x: 0.033303294, y: 0.03459628, z: 0.0867403}
  m_LocalScale: {x: 1, y: 1, z: 1}
  m_Children: []
  m_Father: {fileID: 6848001309606814017}
  m_RootOrder: 2
  m_LocalEulerAnglesHint: {x: 0, y: 0, z: 0}
